2051 3327
184 557 199 588 5

165 855 203 875 10

81 1654 104 1683 Β
126 1656 203 1695 170³

167 1720 182 1741 2

191 1721 205 1742 :³

167 2000 207 2031 30

168 2288 183 2319 DJ

193 2286 207 2318 ks!

216 221 304 248 CAP.
326 221 363 247 X.
778 222 963 253 LOGICA.

217 329 445 376 preteritam
474 329 533 364 vel
557 329 731 364 suturam
758 328 985 363 existentem
1005 327 1044 362 in
1061 325 1335 369 hocinstanti3
1354 323 1460 361 etsie
1477 325 1524 358 de

216 386 350 422 multis
367 386 624 434 sequentibus
641 387 689 421 ad
706 398 781 433 que
798 385 853 420 sic
876 385 1051 420 dicentes
1073 397 1151 420 non
1169 384 1281 431 plene
1298 385 1524 419 advertunt.

280 445 328 479 Et
362 444 417 479 sic
441 452 551 491 patet
585 444 691 490 quod
726 447 770 480 2²¹
806 442 957 490 posicio
982 443 1099 478 habet
1124 443 1341 477 concedere
1365 448 1524 476 noctem

218 501 438 549 quamlibet
472 513 555 537 esse
590 501 707 545 diem,
745 513 834 536 cum
870 500 1001 536 omnis
1036 499 1125 535 talis
1158 499 1206 535 sit
1241 498 1388 546 ubique
1422 496 1524 533 raci-

216 571 291 595 one
322 571 391 594 sue
415 558 552 606 partis,
578 567 614 594 et
648 557 703 593 sic
729 567 910 593 moretur
934 571 1022 593 curn
1048 559 1144 601 sole,
1179 557 1339 593 racione
1365 553 1527 591 alterius

218 616 354 664 partis,
389 625 470 652 tam
505 615 588 651 dies
623 628 744 663 quam
780 628 867 659 nox,
903 615 1107 652 continue.

275 675 380 719 Ideo,
413 673 569 709 videtur
605 672 724 708 michi
758 674 864 721 quod
890 677 935 721 3³¹
960 673 1112 721 posicio
1136 681 1192 708 est
1218 671 1371 717 melior,
1407 682 1524 718 quem

218 731 330 779 ponit
362 740 518 778 tempus
552 743 634 766 csse
668 730 772 766 diem
798 739 834 766 et
857 740 1031 775 noctem,
1065 732 1130 766 sed
1158 743 1227 778 per
1250 729 1455 774 accidens3
1491 736 1527 763 et

219 789 274 825 ita
307 801 436 833 evum,
471 789 665 834 seculum,
700 787 888 833 indiccio,
930 788 1116 834 lustrum,
1169 800 1311 831 annus,
1366 785 1525 829 mensis,

219 846 458 894 septimana,
493 845 589 889 dies,
625 847 735 890 hora,
772 854 1021 881 momentum
1055 858 1195 881 vucam
1233 845 1354 888 bisse3
1401 853 1437 879 et
1471 842 1526 879 sic

220 906 265 940 de
300 903 441 940 ceteris
486 903 666 951 partibus
710 904 757 939 de
803 903 945 951 quibus
989 904 1175 939 locuntur
1219 912 1300 939 tam
1335 900 1526 948 astrologi

220 974 339 1010 quarn
373 961 626 1008 compotiste,
681 969 772 996 sunt
816 970 948 1008 partes
994 960 1201 1008 temporis,
1256 960 1366 996 sicud
1419 967 1527 1007 patet

220 1019 460 1055 discurrenti
494 1032 563 1066 per
596 1018 702 1055 dicta
735 1027 921 1057 autorum
957 1028 993 1054 et
1032 1018 1281 1066 wulgarium.
1329 1019 1404 1053 Ista
1446 1029 1529 1053 ma-

219 1077 317 1113 teria
363 1079 462 1113 bene
508 1076 760 1122 conceditur3
814 1076 915 1112 sicut
959 1086 1118 1124 oportet
1168 1085 1379 1123 utramque
1423 1074 1527 1111 viam

220 1135 493 1182 predictorum
529 1135 762 1180 concedere,
809 1135 916 1182 quod
949 1134 1080 1171 omnis
1123 1134 1206 1170 dies
1239 1142 1297 1170 est
1349 1145 1439 1182 nox,
1493 1141 1529 1168 et

221 1201 397 1228 econtra.
451 1194 611 1241 Ymmo,
663 1201 796 1228 stante
831 1193 925 1236 sole,
960 1192 1059 1228 foret
1095 1193 1233 1228 eadem
1269 1191 1351 1227 dies
1385 1191 1424 1226 in
1457 1203 1528 1225 nu-

222 1263 331 1286 mero
375 1263 455 1298 quo
501 1251 633 1295 modo,
697 1250 790 1298 quia
834 1250 915 1286 dies
969 1259 1119 1293 eterna,
1182 1261 1259 1297 que
1311 1249 1412 1284 foret
1454 1260 1529 1283 nox

223 1317 372 1353 eterna,
408 1316 468 1344 etc
516 1310 620 1355 Ergo
653 1317 762 1355 patet
795 1309 901 1356 quod
936 1307 1038 1344 lacio
1072 1307 1165 1344 solis
1199 1320 1279 1343 non
1314 1315 1371 1342 est
1404 1318 1529 1353 genus

223 1367 271 1402 ad
325 1365 429 1401 diem
476 1366 536 1401 vel
588 1367 636 1401 ad
670 1375 844 1402 noctem.
898 1368 945 1401 Et
992 1366 1045 1401 ita
1091 1366 1365 1401 conceduntur
1398 1363 1529 1412 alique

224 1423 498 1459 conclusiones
531 1433 743 1471 sequentes
776 1436 820 1459 ex
853 1423 917 1459 illa
952 1423 1177 1471 posicione;
1223 1432 1362 1459 notata
1395 1431 1529 1458 tamen

224 1481 487 1517 distinccione
520 1481 623 1517 inter
656 1481 739 1517 dies
773 1481 1003 1518 artificiales
1037 1491 1073 1517 et
1105 1482 1322 1526 naturales,
1364 1489 1401 1516 et
1434 1492 1531 1527 quo-

224 1540 345 1575 modo
390 1539 745 1575 denominaciones
790 1539 967 1587 predicte
1012 1538 1148 1575 insunt
1180 1537 1366 1586 tempori,
1420 1538 1532 1573 sicud

223 1596 401 1644 tangitur
434 1596 473 1633 in
507 1597 767 1644 responsione
801 1596 996 1644 sequenti.
1044 1599 1124 1634 Nec
1159 1606 1215 1633 est
1247 1595 1532 1633 inconveniens

222 1655 319 1691 tales
347 1654 352 1705 Ι
382 1654 739 1691 denominaciones
784 1654 911 1691 inesse
945 1654 1073 1691 eidem
1123 1668 1196 1704 pro
1242 1654 1406 1691 diversis
1434 1653 1532 1690 locis

223 1721 292 1748 aut
324 1712 488 1748 diversis
521 1712 785 1760 temporibus,
820 1714 887 1748 sed
920 1725 1000 1749 non
1034 1712 1153 1748 simul
1186 1722 1223 1749 et
1256 1713 1391 1749 semel.

280 1771 394 1806 Tunc
427 1772 477 1806 ad
501 1770 675 1818 primum
701 1779 982 1818 argumentum
1008 1780 1148 1807 contra
1172 1771 1344 1819 primam
1370 1782 1533 1818 respon-

222 1827 376 1864 sionem
410 1837 519 1876 patet
565 1830 673 1876 quod
713 1838 965 1876 assumptum
1012 1837 1069 1865 est
1103 1829 1421 1875 concedendum,
1465 1828 1533 1863 sed

224 1885 352 1922 maior
384 1895 440 1922 est
485 1887 682 1934 neganda.
729 1888 817 1922 Non
862 1886 966 1922 enim
1001 1886 1203 1935 sequitur:
1267 1887 1342 1923 hoc
1375 1895 1533 1933 tempus

223 1952 280 1979 cst
312 1943 376 1979 hic
409 1956 496 1988 nox,
544 1957 638 1991 ergo
683 1953 740 1980 est
773 1944 836 1980 hic
879 1957 961 1980 non
994 1944 1096 1992 dies3
1150 1944 1256 1992 quia,
1302 1944 1333 1980 si
1382 1943 1444 1980 hic
1477 1951 1534 1979 est

222 2013 303 2037 non
336 2001 431 2046 dies,
473 2011 567 2037 tunc
616 2010 672 2037 est
706 2015 786 2038 non
819 2001 914 2052 dies,
968 2011 1004 2038 et
1049 2015 1118 2050 per
1172 2014 1421 2050 consequens
1454 2014 1534 2037 non

224 2067 280 2095 est
313 2058 458 2095 alicubi
496 2059 592 2095 dies.
628 2061 720 2095 Ideo
746 2061 844 2096 bene
868 2059 1102 2096 conceditur
1139 2070 1329 2108 tanquam
1365 2071 1534 2107 sequens

223 2118 331 2164 quod
367 2117 435 2152 iste
468 2117 547 2153 dies
580 2130 652 2153 non
686 2125 742 2153 est
775 2118 854 2154 dies
886 2118 990 2163 alibi,
1030 2119 1098 2154 sed
1137 2131 1217 2154 non
1251 2118 1431 2166 sequitur
1464 2118 1534 2152 hoc

223 2182 278 2210 est
310 2187 382 2210 non
416 2175 496 2210 dies
528 2175 601 2220 lzic,
635 2187 733 2226 ergo
766 2176 837 2212 hoc
868 2183 924 2212 est
956 2188 1028 2211 non
1063 2176 1162 2217 dies,-
1206 2175 1318 2212 sicud
1363 2188 1443 2211 non
1476 2187 1534 2210 se-

224 2231 377 2279 quitur:
426 2234 495 2268 hoc
527 2245 599 2268 non
632 2240 688 2268 est
721 2233 800 2269 dies
833 2234 915 2279 h'c‚'
958 2246 1069 2284 ergo,
1110 2235 1180 2269 lzoc
1225 2246 1297 2269 non
1342 2241 1396 2269 est
1442 2233 1533 2271 ciae'eS.

224 2289 497 2326 Conformiter
540 2299 672 2326 autem
720 2290 858 2327 dicunt
902 2291 1080 2339 theologi
1120 2292 1228 2339 quod
1263 2290 1444 2328 Christus
1478 2299 1535 2326 est

225 2346 386 2395 ubique,
426 2349 494 2383 sed
527 2361 608 2384 non
653 2348 801 2396 ubique
836 2358 891 2385 est
924 2349 989 2385 ille
1022 2351 1157 2393 homo,
1192 2361 1264 2385 nec
1298 2348 1444 2385 alicubi
1478 2357 1535 2384 est

224 2417 306 2440 non
339 2406 474 2450 homo,
528 2407 596 2441 sed
642 2406 788 2442 alicubi
834 2416 891 2443 est
924 2420 1005 2443 non
1052 2408 1173 2442 homo
1206 2406 1260 2442 ibi
1294 2406 1393 2442 illud
1426 2407 1534 2454 quod

226 2475 306 2498 non
340 2472 396 2499 est
442 2464 561 2499 homo
606 2463 678 2501 ibi:
732 2465 839 2512 quod
893 2464 998 2501 idem
1034 2473 1101 2502 est.
1165 2464 1230 2500 Sic
1283 2476 1376 2511 ergo
1412 2464 1534 2499 multe

227 2529 358 2567 partes
383 2520 461 2557 diei
485 2530 522 2557 et
543 2521 673 2558 noctis
696 2531 786 2557 sunt
810 2531 891 2558 tam
927 2522 1009 2558 dies
1033 2535 1154 2571 quam
1189 2534 1278 2565 nort,
1312 2523 1532 2558 secundum

295 2640 323 2681 8..
334 2651 425 2678 quarn
443 2644 473 2678 (l)
495 2644 527 2671 B.
582 2652 614 2672 11.
628 2636 705 2672 vue‘a
720 2643 792 2672 bisse
808 2645 840 2672 B.
915 2645 1122 2680 12—13.quam
1136 2645 1241 2672 artiste
1256 2653 1347 2680 quam
1364 2643 1492 2680 opotisie
1505 2645 1535 2672 Β.

228 2676 266 2704 15.
287 2677 380 2705 Sicud
402 2678 435 2705 Β.
526 2679 572 2706 2Q.
594 2686 632 2706 a¹¹¹
654 2681 685 2706 B.

302 2760 350 2781 11.
378 2751 387 2781 Ι
416 2761 470 2782 am
490 2752 585 2793 quite
612 2752 737 2783 unable
762 2759 798 2783 to
826 2753 925 2784 make
945 2751 1110 2795 anything
1135 2758 1195 2783 out
1221 2751 1262 2782 of
1283 2751 1380 2783 these
1406 2752 1537 2791 words,

256 2801 311 2817 Α

227 2828 314 2853 vuca
340 2819 430 2863 biffe.

1733 217 1811 256 207

1574 446 1640 473 The
1662 445 1773 471 second

1570 480 1704 512 position
1728 481 1797 514 has,

1559 516 1623 542 also
1645 520 1674 541 to
1696 514 1792 540 admit

1568 551 1631 577 that
1653 549 1738 582 night
1759 549 1784 575 is

1642 584 1711 619 day.

1577 678 1588 705 1
1611 676 1710 712 prefer
1730 676 1780 702 the

1579 712 1660 739 third
1683 710 1770 742 view,

1568 746 1626 774 and
1649 754 1701 780 say
1723 745 1786 771 that

1640 781 1714 808 time

1554 817 1579 844 is
1600 813 1800 849 accidentally

1559 853 1617 887 day
1638 858 1673 876 or
1694 849 1791 883 night,

1587 895 1622 913 or
1643 892 1679 911 an
1702 891 1766 917 age,

1594 932 1610 950 a
1629 925 1767 954 century,

1578 967 1592 985 a
1614 965 1695 994 year,
1717 955 1773 983 ἃς.

1553 1087 1631 1114 Both
1653 1086 1702 1112 the
1722 1084 1808 1111 other

1579 1121 1674 1148 views
1696 1123 1778 1146 must

1556 1160 1643 1191 grant
1664 1155 1728 1181 that
1749 1154 1807 1188 day

1564 1190 1593 1218 ‘is
1616 1190 1712 1222 nieht,
1733 1188 1791 1215 and

1556 1227 1620 1253 that
1640 1225 1664 1252 if
1681 1225 1731 1251 the
1753 1230 1808 1249 sun

1585 1260 1675 1287 stood
1697 1258 1768 1289 still,

1579 1296 1663 1322 there
1685 1292 1787 1320 would

1615 1330 1650 1357 be
1671 1329 1741 1356 both

1608 1364 1764 1398 eternally.

1593 1399 1651 1427 We
1672 1398 1768 1425 admit

1576 1442 1668 1467 many
1688 1433 1722 1460 of
1739 1433 1788 1459 the

1634 1465 1731 1496 above

1587 1506 1776 1538 arguments,

1617 1538 1731 1573 merely

1557 1571 1802 1607 distinguishing

1619 1609 1753 1635 between

1575 1642 1726 1676 artificia!
1744 1640 1803 1668 and

1616 1677 1752 1705 natural.

1555 1785 1688 1811 Answer
1709 1785 1739 1808 to
1760 1781 1810 1807 the

1565 1818 1681 1845 attacks
1701 1824 1740 1843 on
1762 1823 1813 1851 my

1595 1854 1660 1880 first
1681 1852 1775 1885 reply.

1596 1896 1615 1915 1.
1639 1888 1691 1919 (ὁ).
1713 1881 1773 1914 We

1567 1923 1646 1958 deny
1667 1922 1730 1960 that
1751 1921 1800 1959 the

1556 1961 1678 1992 present
1698 1961 1771 1983 time
1792 1963 1816 1981 is

1554 1993 1639 2027 night
1660 1992 1742 2024 here,
1764 1991 1815 2017 but

1596 2031 1686 2063 grant
1707 2027 1771 2053 that

1583 2063 1665 2089 what
1684 2062 1710 2088 is
1731 2061 1790 2095 day

1573 2098 1644 2124 here
1664 2097 1689 2124 is
1711 2096 1796 2130 night

1596 2132 1772 2159 elsewhere.

1621 2166 1754 2194 Christ's

1550 2201 1707 2229 manhood
1728 2201 1753 2227 is
1774 2205 1826 2227 not

1580 2236 1775 2271 everywhere
1786 2247 1792 2268 ;

1596 2271 1617 2297 it
1637 2271 1711 2297 does
1732 2276 1785 2297 not

1558 2306 1663 2332 follow
1684 2306 1748 2332 that
1769 2306 1817 2332 the

1569 2340 1669 2368 Word
1691 2340 1717 2367 is
1739 2345 1791 2367 not

1647 2383 1728 2402 man.

1566 2409 1658 2445 Many
1679 2414 1763 2444 parts
1784 2409 1818 2436 of

1564 2444 1623 2480 day
1643 2445 1701 2471 and
1725 2445 1811 2479 night

1576 2487 1626 2506 are
1646 2488 1679 2506 as
1701 2479 1792 2506 much

1602 2522 1659 2541 one
1679 2522 1712 2541 as
1733 2514 1782 2541 the

1632 2551 1737 2582 other;
