2051 3327
196 273 273 310 150

221 420 260 454 by
280 418 423 452 bringing

256 454 286 480 in
307 454 395 479 other

227 489 280 515 but
301 487 431 514 similias

238 522 422 550 confusions

266 558 401 584 between

199 592 379 619 substantial
402 590 460 617 and

246 626 415 654 accidental

274 667 378 688 terms.

238 696 414 730 Examplcs.

259 2530 291 2556 In
314 2530 350 2556 all
372 2529 455 2556 these

233 2572 318 2591 cases
340 2573 385 2591 we
406 2565 481 2591 have
508 2582 515 2588 .

252 2601 301 2626 the
312 2599 455 2633 fallacia

263 2634 439 2668 accidentis,

920 265 1144 296 JOHANNIS
1171 264 1356 295 WYCLIF
1648 261 1736 290 CAP.
1757 263 1793 290 X.

480 373 681 410 infinitum
716 372 935 420 procedere
958 370 1281 418 sophisticando:
1315 379 1358 406 ut
1381 370 1581 406 infinitum
1610 383 1796 418 magnum

481 431 661 479 spacium
695 429 735 465 in
767 429 842 465 ista
876 430 974 465 hora
1007 429 1141 464 futura
1175 428 1248 464 erit
1281 428 1569 476 pertransitum
1606 441 1627 464 a
1664 429 1800 474 Sorte3

482 490 590 538 quod
629 487 808 536 spacium
851 490 908 524 2¹n
948 495 1077 523 totum
1118 486 1341 522 formaliter
1383 486 1422 522 in
1456 487 1594 523 eadem
1633 487 1731 523 hora
1765 494 1803 522 et

483 546 662 583 neutrius
696 544 878 593 spacium
914 554 1207 592 corrumpetur,
1248 556 1321 580 nec
1360 545 1459 580 alter
1491 544 1724 590 retrocedit;
1767 553 1803 580 et

483 614 632 651 tamen,
680 603 721 639 in
767 615 1008 651 quacunque
1053 602 1323 650 proporcione
1365 602 1552 648 volueris,
1605 603 1718 638 Plato
1762 602 1803 638 in

485 664 624 700 eadem
660 663 759 698 hora
794 665 1019 697 movebitur
1050 662 1225 697 velocius
1259 663 1388 696 Sorte.
1422 662 1567 696 Ymmo
1601 673 1682 696 non
1714 661 1804 708 plus

484 733 605 769 quarn
652 720 896 767 semipedale
943 728 1001 755 est
1045 718 1333 766 pertransitum
1380 731 1402 754 a
1447 720 1576 764 Sorte,
1623 718 1803 766 quamvis

484 778 702 814 immediate
748 786 837 825 post
894 778 968 813 hoc
1025 776 1227 813 infinitum
1274 789 1464 824 magnum
1511 775 1691 824 spacium
1733 776 1806 812 erit

485 835 771 885 pertransitum
819 836 866 871 ab
912 835 1001 880 illo3
1049 843 1086 871 et
1130 834 1185 871 sic
1231 834 1359 871 maius
1396 833 1576 882 spacium
1613 834 1685 870 erit
1719 847 1806 882 per-

486 895 699 931 transitum
724 895 773 930 ab
796 892 865 929 illo
889 906 1009 941 quam
1040 893 1105 929 ille
1129 892 1401 941 pertransibit,
1437 901 1571 928 tamen
1604 905 1685 928 non
1718 893 1806 940 plus

487 952 619 1002 pedali
665 950 937 1000 pertransibit.
990 952 1041 987 Et
1080 951 1136 987 sic
1175 951 1215 987 in
1253 950 1453 987 infinitum
1496 963 1686 998 magnum
1734 950 1807 986 fuit

486 1012 642 1060 pedale,
683 1019 720 1046 et
754 1023 825 1058 per
858 1022 1111 1057 consequens
1143 1009 1267 1045 nichil
1305 1008 1379 1045 fuit
1419 1008 1547 1044 maius
1580 1021 1702 1056 quam
1736 1008 1808 1044 fuit

488 1070 642 1118 pedale,
689 1067 871 1117 quamvis
916 1080 998 1104 non
1044 1067 1171 1104 maius
1220 1080 1340 1116 quam
1394 1068 1534 1115 pedale
1586 1067 1659 1103 fuit
1708 1067 1807 1102 illud

489 1128 644 1176 pedale,
679 1139 769 1163 cum
804 1126 933 1162 solum
967 1125 1009 1162 in
1042 1125 1243 1162 infinitum
1279 1138 1470 1173 magnum
1510 1124 1583 1161 fuit
1616 1124 1655 1161 in
1688 1127 1717 1161 B
1750 1124 1808 1160 in-

489 1185 609 1223 stanti
648 1185 688 1221 in
728 1197 806 1233 quo
847 1184 919 1220 fuit
957 1184 1086 1220 solum
1128 1184 1287 1231 pedale3
1333 1182 1515 1232 quamvis
1559 1196 1640 1219 non
1679 1182 1809 1219 minus

491 1243 730 1292 centipedali
762 1255 958 1291 umquam
992 1242 1079 1278 fuit.
1112 1244 1256 1278 Ymmo
1290 1251 1367 1278 stat
1401 1243 1507 1290 quod
1541 1241 1699 1277 infinita
1722 1241 1810 1277 loca

491 1303 754 1351 replebuntur
785 1313 857 1349 per
889 1300 1008 1336 istum
1043 1300 1261 1346 hominem,
1307 1300 1347 1335 in
1380 1312 1552 1348 quorum
1587 1299 1697 1335 nullo
1729 1298 1808 1335 iam

492 1370 549 1397 est
593 1360 665 1396 iste
709 1360 851 1404 homo3
904 1360 972 1394 sed
1019 1358 1186 1406 quilibet
1238 1358 1405 1394 istorum
1457 1357 1578 1394 distat
1630 1359 1678 1394 ab
1733 1356 1809 1393 isto

491 1418 669 1467 homine,
705 1427 742 1454 et
775 1426 912 1454 tamen
943 1429 1016 1453 nec
1049 1417 1121 1453 iste
1155 1418 1276 1453 homo
1312 1415 1538 1452 movebitur
1561 1416 1610 1452 ad
1634 1415 1809 1464 aliquem

492 1477 675 1522 istorum,
710 1488 783 1512 nec
807 1484 989 1521 econtra3
1024 1487 1097 1511 nec
1131 1484 1187 1511 est
1222 1474 1511 1523 multiplicacio
1535 1473 1710 1510 illorum.
1746 1475 1810 1517 Ut,

492 1534 625 1584 posito
670 1535 779 1583 quod
823 1533 902 1570 sint
946 1533 1091 1569 infiniti
1137 1532 1320 1570 homines
1365 1533 1585 1569 admodum
1620 1543 1812 1580 corporee

494 1592 691 1641 dispositi,
738 1601 775 1628 et
819 1592 929 1640 quod
972 1593 1135 1628 verbum
1183 1599 1361 1628 assumat
1408 1589 1628 1627 successive
1673 1602 1812 1626 omnes

493 1661 658 1688 naturas
702 1663 855 1698 eorum,
899 1658 1174 1698 ypostestante
1206 1658 1352 1686 natura
1398 1650 1574 1685 humana
1617 1647 1729 1684 unita
1774 1647 1813 1683 in

495 1710 580 1746 celo
625 1722 707 1745 non
752 1717 880 1756 mota3
926 1708 1108 1756 sequitur
1155 1707 1340 1744 similiter
1385 1708 1431 1743 de
1476 1705 1657 1755 possibili
1705 1707 1811 1754 quod

496 1769 605 1814 deus,
651 1767 836 1804 faciendo
870 1770 911 1815 3S
945 1775 1103 1803 eternos
1142 1765 1325 1802 homines
1359 1765 1426 1814 qui
1460 1773 1677 1813 potuerunt
1716 1763 1813 1810 fieri,

496 1835 655 1863 tantum
680 1824 836 1874 perficit
860 1836 983 1873 genus
1007 1826 1230 1861 humanum
1255 1824 1367 1860 sicud
1397 1832 1541 1871 potest,
1575 1835 1648 1859 nec
1682 1823 1815 1870 plures

498 1884 681 1921 homines
726 1896 847 1932 quam
893 1883 982 1919 illos
1030 1887 1072 1932 3⁵
1114 1882 1243 1930 potuit
1287 1881 1541 1930 produxisse:
1589 1889 1642 1926 ut,
1683 1880 1816 1928 posito

498 1944 607 1991 quod
632 1946 675 1991 3S
702 1953 872 1990 persone
897 1940 1028 1978 divine
1062 1954 1224 1977 omnem
1260 1939 1551 1976 humanitatem
1584 1938 1815 1986 possibilem

499 2009 705 2037 assumant
752 1999 1017 2048 yppostatice,
1071 2012 1146 2048 que
1198 2007 1358 2035 maneat
1412 1997 1640 2034 eternaliter
1693 1996 1816 2033 unite.

500 2058 652 2096 Ultima
692 2058 892 2107 particula
930 2066 1041 2106 patet
1080 2061 1138 2095 2m
1185 2070 1250 2093 eos
1295 2056 1363 2105 qui
1404 2064 1557 2104 ponunt
1601 2067 1815 2103 personam

501 2130 570 2166 per
593 2117 816 2154 subiectum
842 2116 928 2152 fieri
947 2115 1144 2164 quotlibet
1164 2115 1361 2160 homines,
1387 2115 1628 2169 assumendo
1645 2113 1819 2149 diversas

499 2184 678 2212 naturas.
733 2174 773 2211 Si
822 2174 927 2210 enim
974 2173 1181 2210 subtiliant
1227 2173 1405 2222 quidam⁷
1459 2172 1645 2220 ponendo
1693 2184 1819 2207 unum

501 2233 706 2270 hominem
753 2245 870 2280 posse
916 2245 999 2268 esse
1044 2232 1242 2277 infinitos,
1290 2240 1327 2267 et
1372 2229 1576 2267 contrarie
1614 2230 1736 2265 homo
1773 2230 1820 2265 de

502 2291 683 2340 possibili
727 2290 767 2326 in
799 2292 831 2326 A
864 2290 1032 2326 instanti
1077 2299 1134 2326 est
1167 2289 1369 2325 infinitum
1415 2288 1546 2324 minus
1592 2300 1706 2323 carus
1747 2288 1821 2323 deo

503 2363 623 2398 quam
672 2349 745 2385 erit
790 2349 829 2384 in
872 2350 914 2393 Β,
960 2348 1043 2384 sine
1089 2350 1163 2384 hoc
1196 2349 1305 2396 quod
1338 2359 1515 2395 unquam
1551 2345 1822 2381 demerebitur
1863 2350 1875 2382 ἶ

503 2409 563 2444 vel
596 2407 760 2456 aliquod
794 2406 969 2455 positum
1005 2407 1206 2454 deperdet.
1242 2408 1289 2441 Et
1322 2405 1377 2441 sic
1410 2405 1514 2440 idem
1547 2405 1669 2439 homo
1692 2411 1822 2452 potest

506 2479 587 2502 esse
621 2475 735 2514 pater
768 2474 805 2501 et
840 2474 967 2501 mater
1000 2473 1037 2500 et
1070 2473 1155 2500 tota
1189 2464 1397 2512 parentela
1430 2463 1487 2499 sui
1522 2462 1660 2510 ipsius.

564 2526 611 2559 Et
651 2533 692 2559 ut
732 2523 901 2559 breviter
941 2522 1109 2567 dicatur,
1151 2535 1240 2558 cum
1281 2520 1412 2557 omnis
1454 2519 1647 2556 terminus
1682 2531 1750 2567 per
1783 2531 1822 2554 se

507 2595 547 2617 1n
586 2582 889 2630 predicamento
930 2589 1119 2617 connotet
1159 2579 1433 2627 negacionem,
1475 2578 1529 2614 sic
1562 2579 1669 2626 quod
1708 2590 1822 2613 suum

579 2781 603 2799 2.
626 2774 701 2801 futur
728 2775 759 2801 Β.
868 2773 892 2801 3.
915 2758 962 2801 liis
984 2773 1016 2800 13.
1125 2781 1171 2800 20.
1196 2763 1278 2800 saltu>
1305 2780 1343 2799 or
1364 2762 1444 2798 ffiltio
1474 2771 1506 2797 ll».
1622 2777 1661 2797 21.
1684 2777 1772 2797 coree
1791 2768 1825 2795 B.

511 2839 553 2858 22.
587 2821 738 2866 asm'ssmat
759 2831 791 2858 Β.
882 2838 928 2865 29.
958 2835 1095 2858 assumat
1127 2830 1157 2857 15.
1267 2828 1309 2857 32.
1335 2829 1459 2864 quidem
1491 2828 1522 2855 Β.
1631 2825 1673 2854 33.
1703 2827 1767 2862 orie
1793 2827 1825 2854 B.

512 2888 550 2916 145,
572 2890 652 2924 quod
677 2890 706 2917 13.
799 2889 842 2918 38.
865 2890 976 2917 dicitur
997 2890 1033 2923 133
1056 2890 1094 2916 ib.
1118 2897 1248 2924 persone
1269 2888 1302 2922 (P)
1322 2895 1379 2921 pro
1402 2895 1455 2922 per
1476 2895 1506 2913 se
1529 2886 1558 2912 Β.

1827 908 1865 928 10

1830 1189 1865 1221 15

1829 1488 1870 1509 20
