2051 3327
220 245 271 282 94
946 238 1171 269 ιΙΟΗΑΝΝΙΞ
1198 238 1384 269 WYCLIF
1654 235 1743 263 CAP.
1767 235 1818 262 lx.

232 390 236 394 .
267 363 382 387 senses,
404 363 439 382 or
509 359 580 393 pro
606 359 684 382 uno
709 346 798 381 loco
824 345 960 380 album
986 353 1022 380 et
1045 357 1119 392 pro
1143 344 1222 381 alio
1255 344 1413 392 nigrum
1449 344 1581 390 simul,
1616 353 1658 380 ut
1681 344 1821 380 volunt

215 394 318 424 umes,
340 398 375 416 ΟΥ
397 394 489 424 parts.
507 404 766 440 admittentes
814 402 1112 438 multitudinem
1162 415 1399 450 corpoream
1445 402 1542 438 satis
1587 402 1819 439 admittere:

507 461 562 498 sic
596 461 700 497 idem
736 460 775 496 in
810 473 977 496 numero
1011 470 1070 496 est
1102 460 1209 496 idem
1251 462 1471 496 secundum
1505 473 1628 497 unam
1662 469 1818 508 partem

507 518 815 567 quantitativam
842 519 990 563 album,
1017 528 1052 554 et
1077 519 1297 554 secundum
1324 517 1443 554 aliam
1469 528 1625 566 partem
1642 518 1817 566 nigrum.

507 579 553 613 Et
586 577 642 613 sic
676 578 723 613 de
756 575 965 612 similibus.
1839 576 1853 608 5

253 643 334 683 Why
355 644 414 671 this
435 644 461 670 is
564 635 687 671 Racio
721 643 853 670 autem
890 633 1141 670 difficultatis
1180 635 1230 670 ad
1271 634 1578 670 assenciendum
1618 633 1692 670 iste
1731 645 1820 669 sen-

257 679 447 740 ἶξὲὲῗῃῗῑῖῐξ
506 692 634 728 tencie
668 701 725 729 est
749 692 965 728 fluctuacio
988 692 1029 728 in
1053 694 1169 728 rebus
1199 692 1500 737 communibus,
1535 701 1572 728 et
1607 691 1818 738 [doctrina]

243 748 463 810 Ngaeitssffiiessstlc
506 750 666 786 illorum
692 750 759 798 qui
782 750 912 786 verbis
944 759 1091 798 negant
1125 750 1359 786 communia
1391 759 1524 798 preter
1558 749 1682 797 signa.
1716 751 1818 785 Nam

226 818 339 844 Unless
360 826 421 853 you
443 818 481 844 iix
507 810 666 844 Sortem
715 808 863 844 moveri
914 817 981 844 aut
1015 820 1099 844 esse
1145 809 1278 844 album
1327 817 1395 844 aut
1440 807 1554 844 aliter
1599 808 1818 843 formatum

223 855 477 923 prezissi'ynzzlto
507 875 564 902 est
597 878 814 902 commune
847 867 897 902 ad
931 878 1217 914 quamcunque
1251 866 1422 902 formam
1456 866 1547 902 talis
1571 865 1719 913 speciei
1744 877 1820 913 que
1840 876 1879 899 1o

233 926 473 991 aiiijnzezirimissu
507 924 614 961 Sorti
654 937 726 972 pro
767 924 905 972 aliquo
939 933 1123 972 tempore
1158 923 1344 962 inexistit.
1383 924 1488 969 Ideo,
1536 924 1738 971 loquendo
1772 924 1820 958 de

385 978 391 990 7
413 985 422 992 ,ι

300 992 376 1030 {rave
398 1000 413 1018 a
507 983 636 1018 forma
676 982 818 1018 ultime
859 981 1162 1030 singularitatis,
1211 990 1372 1029 oportet
1405 981 1660 1018 contraccius
1693 981 1820 1029 speci-

263 1027 440 1088 [ἒὲξζζιζζῇιῖ
508 1040 647 1077 ficare:
681 1049 725 1076 ut
757 1040 830 1076 iste
864 1049 998 1076 motus
1032 1039 1159 1076 Sortis
1193 1049 1250 1075 est
1284 1040 1406 1088 ipsum
1441 1040 1593 1076 moveri
1622 1041 1693 1076 isto
1727 1046 1821 1074 tenz-

250 1096 365 1157 ςὲἐῑλῑξῇ
385 1104 459 1158 {¹72er
502 1110 602 1147 pore
632 1099 841 1134 secundum
876 1099 983 1134 illam
1008 1105 1166 1147 partem
1200 1097 1435 1146 acquirendo
1469 1098 1580 1134 istam
1615 1097 1820 1133 materiam

267 1152 434 1204 aiu-sother
507 1164 655 1201 motllS‚·
698 1156 792 1204 quia
832 1156 948 1192 aliter
989 1164 1091 1191 esset
1130 1155 1203 1191 iste
1244 1164 1376 1191 motus
1416 1155 1707 1203 multiplicatus
1753 1156 1877 1201 per15

235 1200 472 1262 corii'rliiiicliion.
506 1223 650 1259 totum,
699 1214 812 1250 sicud
858 1223 916 1250 est
960 1223 1094 1249 motus
1140 1213 1380 1250 communis.
1435 1213 1557 1250 Sicud
1603 1226 1696 1261 ergo
1741 1226 1821 1248 non

506 1280 703 1320 repugnat
727 1271 846 1308 istum
871 1273 947 1308 Sor
979 1272 1130 1307 moveri
1160 1284 1259 1307 nunc
1290 1272 1500 1307 secundum
1534 1272 1644 1308 istam
1665 1278 1820 1321 partem

505 1330 742 1378 acquirendo
787 1330 898 1366 isttmz
935 1330 1118 1378 formam
1167 1338 1204 1365 et
1249 1329 1369 1365 simul
1415 1342 1504 1366 cum
1551 1330 1626 1366 hoc
1671 1329 1822 1365 moveri

506 1400 604 1424 nunc
641 1389 852 1424 secundum
891 1388 1008 1423 aliam
1042 1395 1198 1436 partem
1237 1388 1474 1436 acquirendo
1506 1389 1690 1436 sormam
1731 1399 1819 1423 con-

505 1446 672 1482 trariam
714 1454 816 1482 moto
857 1446 1052 1495 opposito:
1096 1445 1152 1481 sic
1191 1454 1269 1481 stat
1310 1447 1468 1482 Sortem
1512 1445 1662 1482 moveri
1701 1444 1820 1481 simul
1836 1457 1879 1477 20

506 1513 542 1540 et
576 1504 699 1540 semel
733 1504 907 1540 motibus
941 1502 1138 1551 oppositis
1171 1516 1252 1539 non
1285 1503 1525 1550 commixtis,
1557 1513 1601 1540 ut
1634 1515 1704 1551 per
1727 1515 1821 1539 con-

505 1574 675 1610 sequens
691 1575 773 1598 non
788 1575 829 1598 se
847 1561 1147 1610 inpedientibus
1166 1574 1188 1597 a
1205 1561 1609 1598 denominacionibus
1632 1560 1819 1609 propriis.

230 1619 469 1689 ngltllffigxgggld
504 1620 629 1656 Aliter
653 1620 757 1656 enim
782 1633 863 1656 non
887 1629 989 1656 esset
1012 1619 1202 1668 possibile
1225 1619 1377 1668 aliquid
1413 1619 1564 1657 moveri
1597 1621 1818 1656 secundum

240 1691 274 1717 be
295 1690 405 1717 moved
427 1690 456 1717 in
502 1687 681 1726 partem3
728 1680 836 1726 quod
870 1687 927 1714 est
962 1686 1102 1714 contra
1136 1677 1424 1725 philosophum
1469 1682 1507 1714 10
1549 1687 1586 1714 et
1620 1681 1666 1726 50
1702 1676 1820 1725 phisi-

312 1729 387 1760 part.
503 1749 657 1783 corum,
693 1745 730 1772 et
764 1745 904 1773 contra
929 1748 1189 1772 communem
1215 1744 1252 1771 et
1274 1736 1546 1772 venerabilem
1571 1735 1818 1772 sentenciam
1837 1736 1877 1768 25

500 1794 741 1842 logicorum.

214 1853 414 1904 Solutipqxrof
430 1854 480 1881 the
560 1852 646 1889 Istis
670 1852 796 1888 tribus
820 1851 1041 1900 premissis,
1076 1851 1223 1887 dicitur
1253 1851 1496 1900 generaliter
1519 1853 1627 1899 quod
1651 1850 1820 1900 quilibet

269 1893 422 1962 φὲνδεῃπῗνῃ
503 1920 635 1947 motus
657 1912 767 1947 velox
792 1919 849 1946 est
881 1910 936 1946 ita
968 1910 1081 1946 velox
1114 1909 1226 1946 sicud
1261 1910 1395 1958 aliqua
1430 1909 1513 1946 eius
1548 1922 1653 1958 pars,
1689 1918 1725 1945 et
1749 1921 1820 1957 per

209 1963 485 2027 Πᾞζιξῗὲᾟέξῖξὸ
502 1981 752 2017 consequens
796 1968 1009 2005 cuiuslibet
1054 1968 1147 2004 talis
1193 1976 1325 2004 motus
1365 1967 1556 2004 velocitas
1595 1967 1820 2004 attenditur

233 2028 461 2067 swiftestnpam
502 2039 622 2074 penes
647 2036 802 2075 partem
829 2027 912 2063 eius
934 2025 1231 2063 velocissimam
1263 2035 1585 2074 mensurantem,
1619 2034 1662 2062 ut
1687 2034 1819 2061 motus
1836 2026 1877 2058 30

238 2063 398 2124 [ηρὲξέγέἓ
422 2098 459 2133 by
502 2084 620 2132 primi
671 2084 830 2122 mobilis
877 2093 933 2120 est
979 2096 1079 2131 eque
1124 2085 1237 2120 velox
1281 2084 1383 2120 sicut
1429 2092 1560 2120 motus
1614 2083 1818 2131 punctalis

208 2133 434 2203 “mtffississffisss
456 2133 625 2190 Ofpartis
685 2143 725 2179 in
782 2141 1064 2191 equinocciali,
1130 2142 1222 2178 licet
1282 2143 1651 2190 quomodocunque
1704 2142 1818 2177 tarde

419 2190 425 2202 ⁷
501 2210 711 2237 moveatur
735 2200 870 2249 aliqua
894 2213 986 2248 pars
1010 2199 1203 2236 eiusdem.
1238 2202 1286 2236 Et
1315 2200 1370 2236 ita
1404 2200 1657 2247 generaliter,
1693 2212 1818 2247 quan-

500 2268 750 2307 tumcunque
782 2258 972 2295 velociter
1006 2267 1190 2293 movetur
1223 2258 1358 2306 aliqua
1391 2271 1483 2306 pars
1517 2257 1718 2306 punctalis
1747 2269 1818 2305 per

499 2329 539 2353 se
573 2316 733 2353 mobilis
767 2330 840 2365 pro
874 2328 1115 2365 quacunque
1149 2325 1263 2363 parte
1297 2316 1504 2364 temporis,
1539 2316 1593 2352 ita
1625 2316 1736 2352 velox
1760 2313 1874 2351 est35

498 2384 607 2411 totus
647 2385 779 2411 motus
833 2375 1027 2419 eiusdem,
1073 2376 1145 2409 etsi
1196 2387 1276 2410 non
1322 2376 1541 2410 secundum
1595 2373 1818 2422 quamlibet

304 2443 383 2471 This
499 2432 582 2469 eius
627 2442 803 2481 partem,
858 2442 894 2469 et
939 2440 1049 2480 patet
1101 2433 1212 2479 quod
1257 2441 1389 2469 motus
1434 2432 1574 2469 localis
1626 2431 1816 2468 velocitas

244 2480 447 2506 answersthe
499 2490 723 2527 attenditur
755 2503 876 2539 penes
915 2489 1207 2538 longitudinem
1243 2490 1342 2526 situs
1376 2490 1531 2527 linealis
1565 2489 1754 2537 descripti
1794 2503 1816 2526 a

233 2514 337 2548 length
359 2514 393 2541 of
410 2514 460 2541 the

210 2548 484 2610 1ξὶἓέῐίῗὲῗοῑέἓῖᾒέ
499 2549 680 2597 punctali
722 2561 792 2597 per
830 2561 871 2585 se
911 2548 1050 2585 mobili
1088 2548 1340 2585 velocissime
1380 2557 1491 2585 moto
1529 2548 1570 2584 in
1604 2560 1816 2596 compara—

304 2592 387 2644 timye.
500 2607 616 2643 cione
649 2608 699 2643 ad
733 2616 893 2655 tempus
928 2617 1185 2653 mensuram,
1221 2616 1258 2643 et
1290 2606 1347 2643 sic
1370 2606 1526 2643 tollitur
1547 2605 1744 2642 instancia
1767 2606 1815 2641 de
1829 2614 1874 2644 40

221 2654 354 2679 Answer
375 2657 404 2679 to
426 2653 475 2679 the

215 2687 287 2720 first
305 2692 466 2721 argument

286 2725 404 2749 contra.

568 2814 594 2840 7.
616 2805 757 2832 doctrina
778 2806 861 2832 deest
882 2806 913 2832 13.
1006 2813 1051 2832 20.
1074 2805 1090 2832 8
1110 2813 1169 2839 pro
1191 2806 1312 2833 Sortem
1334 2805 1366 2839 (S
1383 2805 1405 2839 ?)
1429 2805 1461 2831 Β.
1545 2812 1587 2831 22.
1609 2804 1646 2831 ad
1664 2812 1725 2839 pro
1745 2812 1761 2831 a
1780 2805 1811 2833 B.

497 2861 541 2889 32.
556 2853 720 2889 Te‘iiocciali
743 2863 774 2889 B.
866 2861 913 2897 3⁴)-
935 2867 1017 2890 mote
1038 2863 1070 2890 B.
