2051 3327
201 244 253 282 70

256 944 321 971 that
340 943 377 975 is,
398 942 420 969 it

220 978 408 1007 contradicts
429 985 479 1012 my

258 1018 369 1050 system
392 1013 425 1039 ot'

207 1048 416 1084 composition
438 1047 472 1074 of

225 1087 275 1111 the
295 1082 466 1111 Extended.

315 1117 364 1145 No

229 1152 457 1189 philosophical

227 1191 388 1223 argument
410 1187 464 1213 has

302 1223 389 1249 value

246 1258 367 1293 against
386 1256 448 1283 this

286 1294 406 1327 theory.

219 1329 246 1361 h)
267 1326 466 1360 Theological

253 1366 441 1398 arguments.

246 1400 279 1432 (1)
302 1396 455 1424 Absolute

221 1434 251 1467 (i.
274 1441 298 1459 6.
320 1430 472 1466 spiritual)

230 1469 329 1495 forms
350 1474 404 1493 can
428 1465 463 1491 be

253 1500 442 1529 coextended

240 1538 314 1564 with
335 1540 460 1565 matter:

271 1571 433 1603 therefore,

229 1616 246 1634 α
265 1607 344 1642 pari,
366 1609 476 1632 matter

246 1642 317 1669 with
339 1644 460 1667 matter.

244 1679 282 1711 (2)
305 1675 452 1703 Glorified

264 1711 371 1738 bodies
393 1718 442 1736 are

256 1744 445 1774 coextended

282 1781 357 1808 with
378 1780 427 1806 the

282 1815 419 1843 medium

221 1850 355 1886 through
375 1849 478 1876 which

262 1886 332 1919 they
355 1893 438 1919 pass.

252 1920 288 1955 (3)
310 1919 461 1951 Position,

255 1964 291 1983 an
314 1955 452 1983 absolute

280 1990 429 2018 accident.

223 2026 322 2060 might
343 2023 481 2061 possibly

226 2062 302 2088 exist
323 2061 362 2095 by
382 2059 477 2091 itselt;

262 2097 287 2123 if
305 2104 350 2129 so,
373 2093 442 2120 God

219 2131 316 2164 might
336 2128 482 2156 coextend

242 2171 302 2193 two
324 2163 461 2191 material

237 2201 417 2227 substances
438 2198 466 2224 in

260 2236 322 2262 that
343 2241 443 2269 space.

266 2445 315 2471 An
338 2441 439 2469 infidel

288 2478 420 2511 logician

229 2513 331 2540 would
354 2520 406 2547 say
424 2511 488 2538 that

238 2556 295 2574 one
316 2546 477 2581 absurdity

257 2583 327 2609 here
349 2589 460 2615 proves

924 236 1150 268 „IOHANNIS
1175 235 1361 266 WYCLIF
1638 231 1728 259 CAP.
1748 229 1800 258 IX.

490 346 598 393 quod
643 343 759 379 unice
805 344 1075 391 quodcunque
1120 341 1271 378 instans
1316 342 1496 377 dandum
1544 340 1618 377 erit
1669 349 1800 377 totum

490 401 687 438 infinicies
721 412 801 449 quo
835 402 885 436 ad
924 413 997 436 nos
1037 400 1289 448 duplicatum
1334 399 1374 435 in
1420 398 1718 447 magnitudine3
1766 407 1803 434 et

490 460 677 508 opposito
722 460 841 494 modo
875 457 1055 506 sequitur
1088 460 1135 494 de
1169 457 1505 494 condensacione.
1550 457 1650 493 Illud
1692 465 1805 505 patet

491 519 530 554 in
568 516 841 565 paucioribus,
896 517 1085 563 ponendo
1133 515 1497 564 quadrupunctale,
1532 515 1564 550 si
1597 514 1646 551 sit
1678 514 1804 563 possi-

492 575 568 612 bile
602 574 779 622 incipere
812 586 884 621 per
927 582 1057 610 toturn
1101 573 1293 619 rarefieri,
1342 586 1431 609 curn
1472 573 1549 608 hoc
1582 574 1691 621 quod
1724 585 1806 609 non

490 632 657 680 incipiat
690 631 869 668 rarefieri
903 633 953 668 ad
987 631 1046 668 sui
1093 632 1281 680 duplum;
1328 640 1366 667 et
1411 639 1521 678 patet
1553 630 1662 667 iuxta
1696 643 1806 667 com-

494 691 632 727 munia
676 689 876 738 principia
921 690 1225 726 adversancium
1272 690 1382 737 quod
1428 689 1504 725 hoc
1548 688 1690 737 incipit
1722 700 1806 724 esse

495 748 658 785 maioris
697 747 933 796 quantitatis
967 761 1087 796 quam
1122 747 1281 796 prefuit,
1306 756 1343 783 et
1377 759 1466 783 cutn
1500 759 1582 783 non
1615 746 1665 783 sit
1697 745 1807 783 racio

494 819 618 855 quare
641 819 722 842 una
747 805 952 854 medietas,
977 805 1075 854 quin
1099 819 1168 853 per
1201 805 1307 841 idem
1341 814 1379 841 et
1412 804 1601 853 quelibet,
1626 804 1808 853 sequitur

496 865 604 913 quod
638 865 714 899 hoc
746 863 889 911 incipit
923 876 1007 900 esse
1040 859 1155 901 ,ΞΡῙΠΠ1
1191 864 1242 900 ad
1275 863 1373 899 illud
1407 864 1516 911 quod
1559 863 1725 911 prefuit:
1772 871 1810 898 et

495 923 635 958 eadem
670 930 727 957 est
760 921 870 958 racio
905 923 952 958 de
987 921 1322 958 condensacione.
1357 923 1412 956 Ex
1445 934 1524 969 quo
1558 930 1669 969 patet
1702 921 1810 969 quod

496 988 694 1028 repugnat
726 979 1019 1027 composicioni
1054 979 1234 1016 continui
1275 991 1318 1014 ex
1363 991 1445 1014 non
1490 979 1652 1026 quantis
1701 979 1811 1027 quod

496 1038 649 1086 aliquid
683 1050 754 1085 per
786 1046 944 1085 tempus
975 1050 1065 1074 vere
1100 1037 1339 1074 continuum
1374 1036 1536 1073 rarefiat
1558 1038 1619 1073 vel
1637 1038 1812 1073 conden-

496 1106 604 1133 setur
637 1108 707 1144 per
739 1105 882 1141 totum,
908 1095 948 1131 in
972 1095 1223 1144 adquirendo
1246 1095 1307 1131 vel
1331 1096 1589 1142 deperdendo
1623 1094 1812 1131 continue

498 1154 782 1203 quantitatem.
830 1156 912 1189 Nec
958 1153 1032 1189 scit
1076 1154 1342 1201 philosophus
1381 1153 1550 1189 fundare
1584 1165 1698 1190 casus
1732 1151 1811 1189 cal-

499 1212 717 1249 culatorios
762 1211 876 1248 istius
924 1212 1103 1262 materie,
1149 1212 1189 1247 in
1222 1211 1365 1260 quibus
1400 1212 1605 1259 quondam
1641 1211 1812 1247 multum

498 1270 673 1307 inaniter
705 1269 900 1307 insudavi.

559 1329 633 1365 Sed
675 1340 747 1375 pro
791 1326 1033 1364 fundacione
1074 1326 1255 1374 parcium
1307 1326 1598 1363 intensivarum
1635 1325 1813 1371 materie,

501 1395 810 1434 argumentatur
857 1385 1082 1433 theologice
1126 1384 1202 1421 isto
1252 1386 1398 1421 modo:
1448 1385 1576 1421 forme
1622 1385 1815 1433 absolute,

502 1453 582 1481 tam
608 1443 912 1489 substanciales,
930 1456 1052 1492 quam
1076 1443 1358 1488 accidentales,
1380 1453 1547 1490 possunt
1571 1444 1621 1479 ad
1644 1442 1814 1478 invicem

503 1515 593 1539 cum
628 1502 797 1538 materia
831 1501 1053 1546 coextendi,
1080 1514 1170 1537 cum
1206 1513 1299 1549 ergo
1334 1501 1441 1537 idem
1477 1501 1527 1537 sit
1549 1500 1744 1536 iudicium
1769 1501 1817 1535 de

502 1560 744 1597 substanciis
799 1559 1091 1608 materialibus,
1146 1571 1192 1595 eo
1245 1560 1353 1608 quod
1405 1560 1532 1596 forme
1586 1557 1818 1594 huiusmodi

504 1627 693 1666 poterunt
726 1630 796 1666 per
829 1630 869 1654 se
904 1630 999 1667 esse⁷
1047 1630 1140 1665 ergo
1173 1629 1244 1665 per
1276 1617 1382 1653 idem
1418 1616 1583 1654 materie
1628 1624 1819 1665 poterunt

505 1676 726 1713 coextendi.
762 1679 805 1713 2a
841 1675 1116 1712 consideracio
1151 1684 1207 1712 est
1241 1676 1289 1711 de
1307 1675 1541 1723 glorificatis
1566 1674 1816 1722 corporibus,

504 1747 581 1783 que
627 1743 834 1782 ponuntur
878 1733 980 1770 sicut
1023 1733 1179 1770 lumina
1211 1746 1302 1769 cum
1338 1733 1471 1770 medio
1504 1732 1725 1770 coextendi.
1770 1734 1818 1768 Et

506 1796 551 1841 32¹
585 1792 862 1828 consideracio
897 1800 953 1828 est
986 1793 1094 1840 quod
1128 1792 1227 1828 situs
1261 1800 1329 1828 aut
1361 1792 1485 1837 locus,
1510 1804 1600 1827 curn
1633 1791 1682 1827 sit
1715 1789 1818 1827 acci-

506 1852 603 1887 dens
648 1850 893 1896 absolutum,
934 1858 1067 1898 potest
1113 1851 1160 1886 de
1206 1849 1268 1885 dei
1313 1848 1619 1898 omnipotencia
1661 1860 1731 1896 per
1778 1860 1818 1884 se

508 1921 610 1954 esse3
644 1908 747 1944 sicut
780 1908 1013 1944 conceditur
1046 1909 1094 1944 de
1127 1907 1398 1956 corporeitate
1432 1916 1469 1944 et
1502 1907 1589 1944 aliis
1622 1906 1819 1955 quotlibet

507 1966 816 2015 quantitatibus,
864 1979 940 2014 que
972 1965 1159 2002 videntur
1192 1965 1318 2013 magis
1352 1978 1374 2002 a
1407 1964 1639 2002 substancia
1671 1966 1819 2012 depen-

507 2026 611 2063 dere.
641 2021 645 2076 Ι
675 2026 776 2061 Cum
822 2024 892 2060 tali
938 2036 1031 2072 ergo
1076 2025 1166 2060 loco
1216 2023 1325 2071 prius
1369 2036 1497 2060 vacuo
1543 2031 1674 2071 potest
1713 2025 1820 2059 Deus

507 2084 771 2119 coextendere
795 2082 1066 2118 substanciam
1091 2082 1151 2118 vel
1175 2081 1386 2129 quodlibet
1410 2081 1597 2118 accidens
1620 2080 1819 2126 sensibile,

507 2153 550 2176 ex
584 2140 672 2188 pari
713 2140 918 2176 evidencia
952 2141 1050 2176 duas
1086 2139 1294 2185 materias3
1343 2152 1432 2175 curn
1468 2139 1755 2187 repugnancia,
1789 2139 1820 2175 si

508 2211 586 2247 qua
619 2199 734 2244 foret,
768 2198 942 2234 oriretur
965 2210 1009 2233 ex
1032 2197 1358 2245 impossibilitate
1382 2197 1645 2233 coexistencie
1667 2196 1822 2233 dimen-

507 2256 665 2292 sionum
707 2257 746 2292 in
780 2258 919 2292 eodem
961 2255 1039 2292 situ
1088 2255 1165 2292 illis
1211 2257 1426 2304 adequato‚
1471 2255 1531 2292 vel
1571 2267 1614 2291 ex
1647 2256 1819 2291 duorum

508 2314 811 2351 indivisibilium
837 2313 1088 2362 possibilium
1114 2326 1184 2362 per
1209 2326 1249 2350 se
1273 2326 1356 2350 esse
1381 2321 1592 2350 coextensa
1615 2313 1655 2349 in
1679 2314 1820 2349 eodem

507 2372 585 2409 situ
618 2372 864 2409 indivisibili.

566 2432 625 2466 Ad
660 2430 735 2466 ista
768 2430 919 2466 diceret
953 2429 1106 2478 logicus
1140 2429 1202 2465 cui
1235 2442 1316 2466 non
1346 2437 1446 2466 esset
1470 2441 1565 2465 cura
1589 2429 1637 2465 de
1661 2428 1822 2465 creditis

509 2497 644 2524 nostre
677 2488 786 2536 legis,
821 2490 929 2536 quod
961 2487 1266 2536 impossibiliter
1299 2488 1447 2535 petitur
1479 2488 1717 2524 antecedens
1751 2499 1823 2535 pro

511 2547 589 2582 alio
622 2546 861 2595 impossibili
894 2545 1139 2582 inducendo.
1174 2547 1251 2582 Sed
1285 2545 1378 2594 quia
1410 2558 1573 2582 necesse
1606 2553 1663 2582 est
1695 2553 1822 2581 totam

1829 874 1867 895 10

1833 1158 1869 1190 15

1833 1459 1875 1480 20

1835 1738 1875 1770 25

1842 2031 1867 2061 Β
1893 2031 1970 2061 122⁸

1839 2319 1878 2353 35

251 2616 471 2644 anotherzbut
512 2604 631 2640 fidem
668 2604 911 2641 catholicam
946 2617 1028 2640 esse
1060 2616 1211 2654 veram,
1257 2603 1348 2639 ideo
1386 2612 1545 2651 oportet
1576 2604 1822 2651 professores
1839 2622 1883 2653 40

230 2651 387 2679 Catholics
409 2655 491 2677 must

303 2694 423 2712 answcr

269 2721 451 2755 differently.

259 2756 370 2784 Others
393 2764 461 2791 say:

514 2662 629 2698 huius
674 2663 766 2698 fidei
811 2662 928 2698 aliter
974 2663 1231 2710 respondere.
1284 2661 1459 2707 Quidam
1506 2670 1640 2698 autem
1687 2661 1825 2697 dicunt

583 2868 602 2887 1.
626 2860 703 2887 lince
726 2861 756 2887 Β.
849 2869 877 2893 4.
906 2860 939 2887 sit
966 2860 998 2887 B.
1091 2867 1136 2895 24.
1160 2860 1228 2895 9f1'0
1255 2859 1288 2886 Β.
1379 2861 1425 2886 243.
1454 2859 1524 2894 9f1⁷⁰
1551 2860 1583 2886 B.
