2051 3327
193 236 245 274 86

203 361 229 387 It
249 359 274 386 is
295 358 450 393 generally

235 394 294 420 and
316 393 428 428 rightly

193 429 328 455 believed
349 428 413 454 that
432 427 461 453 in

221 471 310 498 every
332 462 445 489 mobile

246 498 328 525 there
348 498 374 523 is
396 505 411 523 a

247 534 334 568 point
353 532 418 558 that

276 576 383 595 moves

207 604 337 631 swiftest
358 603 391 629 οῖ’
410 602 458 634 all,

214 639 272 665 and
295 645 452 665 mea-sures

243 674 280 700 its
301 672 428 699 motion.

224 709 301 735 This
321 707 445 740 implies

200 744 248 770 the
268 743 419 769 existence
440 741 474 767 of

214 778 328 813 points,
349 776 462 809 having

199 813 324 840 distinct
346 811 470 845 degrees

214 847 248 874 ot'
265 850 453 874 movement.

209 987 276 1014 The
296 990 405 1019 degree
425 984 459 1011 os

235 1020 382 1055 intensity
402 1019 436 1046 of

225 1058 401 1083 movement
422 1054 447 1080 is

217 1092 289 1126 only
310 1089 462 1123 complete

219 1131 247 1153 at
267 1127 317 1152 the
338 1126 457 1151 suriaco

226 1161 259 1188 of
277 1161 326 1187 the
348 1160 438 1194 body,

231 1204 262 1222 as
286 1195 394 1222 colour
414 1196 439 1220 is

201 1232 265 1257 also
287 1230 357 1265 only
379 1233 406 1255 at
425 1228 474 1255 the

271 1265 401 1291 surface.

202 1509 303 1536 There
322 1508 348 1535 is
369 1508 434 1534 also
455 1515 470 1533 a

269 1543 356 1577 point
377 1542 411 1569 of

259 1578 424 1605 minimum

228 1616 404 1640 movement
424 1612 453 1638 in

242 1655 332 1683 every
354 1647 444 1681 being

246 1683 309 1709 that
329 1690 435 1708 moves

242 1718 340 1749 itself3
362 1725 394 1743 as
415 1717 445 1743 in

271 1752 417 1779 sensitive

220 1791 396 1814 movement
416 1793 473 1812 one

224 1822 338 1856 faculty
359 1829 465 1848 moves

216 1857 345 1883 another
365 1855 424 1882 and
446 1855 471 1881 is

261 1891 370 1918 moved
395 1891 432 1926 by

279 1926 418 1961 another.

257 2100 354 2135 [ivery
376 2104 443 2133 part

231 2136 321 2170 helps
341 2134 469 2161 another

225 2179 257 2197 as
278 2178 336 2197 one
357 2173 425 2203 part
445 2169 479 2195 ot*

221 2207 272 2232 the
292 2205 389 2231 world
412 2204 479 2230 aids

228 2241 277 2267 the
299 2243 475 2266 movement

212 2276 246 2302 of
264 2275 400 2307 another,
422 2274 481 2300 and

248 2310 318 2336 thus
340 2309 373 2335 of
391 2309 441 2335 the

233 2345 332 2371 whole
354 2344 463 2370 world.

919 238 1143 271 JOHANNIS
1169 236 1353 269 WYCLIF
1629 232 1717 260 CAP.
1738 230 1791 260 IX.

542 350 635 384 Ideo
669 347 816 384 dicitur
850 345 1121 383 communiter
1154 353 1191 381 et
1225 345 1325 381 bene
1359 344 1468 392 quod
1500 342 1541 379 in
1573 342 1684 379 omni
1708 355 1795 379 cor-

483 419 581 455 pore
615 415 724 442 mota
756 405 940 441 localiter
979 412 1036 440 est
1077 404 1172 439 dare
1205 402 1394 450 punctale
1426 400 1677 438 velocissime
1711 413 1795 437 mo-

483 474 582 509 tum,
618 466 726 512 quod
761 472 819 499 est
852 475 1041 498 mensura
1063 460 1285 498 velocitatis
1318 459 1447 496 tocius
1494 468 1639 504 motus,
1669 456 1674 508 1
1704 471 1794 495 cum
1816 462 1842 492 B
1863 458 1941 492 128²

484 535 602 559 omne
619 531 772 558 motum
790 530 872 557 tam
888 519 1077 556 velociter
1101 528 1284 555 movetur
1306 518 1419 554 sicud
1442 517 1577 564 aliqua
1600 529 1693 564 pars
1716 516 1796 563 sui;

486 590 522 616 et
556 580 611 616 sic
645 588 756 627 patet
789 580 897 627 quod
932 578 1113 626 sequitur
1145 589 1190 613 ex
1221 576 1289 612 illo
1323 584 1531 624 punctum,
1565 574 1726 619 lineam,
1761 581 1831 613 et5

485 637 737 685 superficiem
764 649 848 673 esse
874 645 910 672 et
934 645 1066 672 motus
1091 635 1165 671 sibi
1188 634 1390 682 proprios,
1414 642 1452 670 et
1475 646 1546 681 per
1568 632 1672 669 idem
1699 631 1798 668 situs

487 705 523 732 et
544 695 622 731 alia
645 694 889 731 accidencia.
914 695 978 739 Ut,
1003 693 1134 741 posito
1154 694 1263 740 quod
1285 692 1456 728 latitudo
1481 690 1738 727 alteracionis
1762 698 1799 726 et

487 754 611 790 eciam
632 762 763 789 motus
786 752 924 789 localis
940 751 1207 796 uniformiter,
1226 759 1262 786 et
1278 749 1517 786 difformiter
1540 762 1562 785 a
1577 761 1656 785 non
1673 749 1801 796 gradu

486 824 613 859 usque
646 813 697 847 ad
730 812 898 858 gradum
932 818 974 845 ut
1007 813 1091 857 40r⁷
1127 810 1361 845 extendetur
1393 820 1463 856 per
1488 809 1516 843 Β
1550 819 1717 854 corpus:
1743 814 1801 842 est

487 871 583 906 dare
616 870 786 917 gradum
820 867 1136 904 intensissimum
1173 874 1304 902 motus
1338 864 1608 910 alteracionis‚
1636 864 1740 901 sicut
1765 872 1802 900 et
1823 882 1860 902 10

489 937 620 963 motus
644 926 795 973 localis,
821 926 888 974 qui
912 927 1058 973 gradus
1082 926 1213 961 solum
1238 933 1296 960 est
1328 925 1378 960 ad
1413 932 1631 959 extremam
1665 934 1803 971 super-

490 985 619 1022 ficiem
656 984 855 1027 totaliter3
902 983 1005 1020 sicut
1050 992 1087 1019 et
1128 982 1302 1031 qualitas
1335 981 1391 1018 sic
1423 981 1579 1018 intensa
1612 981 1714 1017 sicut
1746 988 1804 1016 est

490 1044 601 1080 color
633 1044 694 1079 vel
718 1044 854 1078 lumen
886 1043 1016 1078 solum
1051 1054 1121 1089 per
1153 1040 1409 1089 superficiem
1450 1039 1631 1087 corporis
1663 1038 1802 1087 spacii,

490 1103 598 1150 quod
651 1101 897 1137 luminosum
950 1099 1163 1147 transpicit
1215 1099 1344 1135 solum
1408 1099 1628 1134 secundum
1682 1097 1805 1133 talem

490 1159 745 1207 superficiem
779 1158 960 1194 totaliter
994 1167 1032 1193 et
1066 1157 1212 1205 primo.
1245 1156 1373 1192 Aliter
1397 1156 1502 1192 enim
1527 1163 1662 1203 ageret
1695 1155 1807 1191 color
1828 1163 1862 1195 15

491 1217 754 1253 intrinsecum
772 1225 1132 1264 quantumcunque
1148 1226 1295 1263 parvus
1319 1227 1390 1262 per
1414 1213 1590 1249 medium
1616 1225 1805 1261 opacum,

492 1289 580 1312 cum
615 1275 664 1310 sit
688 1276 783 1311 dare
805 1274 981 1322 primum
1007 1286 1141 1321 agens,
1175 1273 1278 1309 sicut
1301 1281 1338 1308 et
1369 1271 1501 1309 nisum
1538 1273 1602 1318 [et]
1638 1271 1808 1307 difficul-

492 1343 613 1370 tatem
650 1346 771 1380 quam
796 1331 985 1380 produxit
1017 1333 1067 1368 ad
1102 1331 1337 1368 maximum.
1372 1332 1413 1366 In
1446 1329 1558 1366 omni
1592 1342 1687 1377 ergo
1721 1341 1808 1365 cor—

492 1404 616 1440 poreo
672 1400 795 1438 moto⁷
849 1403 942 1438 pars
985 1389 1181 1426 naturalis
1233 1388 1367 1437 primo
1413 1396 1523 1424 mota
1576 1396 1633 1423 est
1685 1399 1809 1435 punc-

491 1451 583 1489 tale,
1827 1464 1869 1485 20

551 1510 598 1543 Et
632 1516 765 1555 preter
797 1507 873 1543 hoc
907 1515 965 1543 est
1011 1507 1106 1542 dare
1153 1504 1367 1541 minimum
1413 1504 1596 1541 naturale
1641 1502 1681 1538 in
1713 1514 1810 1551 quo-

495 1568 778 1614 modocunque
812 1577 882 1613 per
915 1577 956 1601 se
991 1574 1122 1608 m0t03
1175 1564 1284 1612 quod
1317 1562 1531 1599 minimum
1565 1574 1646 1597 non
1679 1569 1811 1609 potest

496 1623 649 1660 moveri
688 1624 910 1659 secundum
952 1631 1108 1670 partem
1156 1621 1354 1669 reliquam
1401 1629 1587 1668 respectu
1624 1618 1811 1667 opposite

497 1681 756 1730 quiescentis3
790 1689 832 1717 ut
866 1681 906 1717 in
929 1689 1043 1717 motu
1077 1679 1264 1716 animalis
1288 1678 1491 1715 obiectum
1516 1686 1649 1714 movet
1672 1689 1811 1713 sensus

498 1739 742 1776 extrinsecos
788 1748 825 1775 et
876 1739 1136 1785 intrinsecos3
1185 1746 1225 1774 at
1271 1737 1328 1773 illi
1373 1746 1533 1773 movent
1585 1734 1811 1783 appetitum
1830 1744 1869 1776 25

499 1798 754 1843 sensitivum3
808 1805 845 1833 et
890 1797 955 1833 ille
1001 1805 1133 1833 movet
1176 1795 1366 1832 virtutem
1412 1795 1633 1831 secundum
1678 1793 1811 1829 locum

501 1856 707 1901 motivam,
755 1864 792 1891 et
837 1854 907 1891 illa
954 1855 1131 1891 calorem
1175 1854 1236 1890 vel
1282 1852 1567 1889 humiditatem
1618 1852 1727 1899 quod
1773 1850 1814 1886 in

501 1914 694 1949 musculis
729 1922 765 1950 et
804 1913 987 1958 lacertis;
1036 1922 1073 1949 et
1117 1912 1220 1948 forte
1266 1911 1306 1948 in
1355 1913 1475 1947 corde
1521 1918 1578 1946 est
1622 1908 1815 1945 minimus

502 1973 611 2008 calor
634 1971 767 2020 primo
792 1980 941 2016 motus,
966 1970 1152 2019 quamvis
1177 1970 1354 2018 quelibet
1377 1982 1470 2017 pars
1487 1967 1674 2004 animalis
1707 1967 1815 2003 iuvet

502 2030 699 2078 reliquam
735 2029 958 2078 quamlibet
999 2030 1049 2065 ad
1093 2029 1308 2076 agendum,
1358 2027 1461 2064 sicut
1500 2026 1678 2075 quelibet
1722 2037 1815 2073 pars
1834 2037 1875 2068 30

503 2088 643 2124 mundi
676 2088 784 2124 iuvat
818 2087 1041 2135 quamlibet
1074 2087 1210 2123 aliam.
1242 2088 1291 2122 Et
1314 2098 1385 2134 per
1408 2096 1658 2133 consequens
1691 2084 1815 2120 homo

502 2146 680 2182 variatur
726 2146 905 2194 qualibet
950 2154 1065 2193 parte
1112 2144 1266 2181 mundi.
1312 2144 1434 2180 Sicud
1480 2142 1585 2179 enim
1632 2142 1816 2178 cumulus

503 2204 600 2240 silve
633 2204 693 2240 vel
728 2216 847 2240 arene
881 2203 1058 2240 ostendit
1091 2216 1146 2249 se,
1181 2202 1480 2250 quantumlibet
1513 2200 1723 2246 distanter,
1746 2211 1818 2248 per

504 2261 923 2298 communicacionem
948 2261 1145 2309 parcium,
1181 2261 1237 2297 sic
1270 2269 1356 2296 tota
1388 2269 1496 2296 terra
1522 2257 1575 2310 (et
1607 2271 1678 2306 per
1710 2258 1818 2293 idem

503 2329 612 2356 totus
646 2322 834 2366 mundus)
876 2320 1054 2356 ostendit
1092 2332 1133 2355 se
1166 2331 1237 2367 per
1270 2317 1695 2355 communicacionem
1729 2325 1876 2364 par-35

505 2378 624 2414 cium.
650 2381 751 2414 Nam
786 2378 817 2414 si
851 2377 1027 2426 quelibet
1060 2390 1153 2425 pars
1186 2377 1295 2413 iuvat
1319 2375 1517 2425 reliquam
1541 2376 1592 2412 ad
1615 2374 1819 2422 integran-

504 2437 598 2471 dum
654 2449 768 2472 suum
804 2445 948 2480 totum,
999 2437 1105 2484 quod
1152 2444 1189 2471 et
1242 2434 1471 2483 equivalent
1524 2433 1698 2470 finaliter
1750 2444 1821 2480 per

505 2494 726 2542 quamlibet
759 2504 915 2542 partem
943 2493 1207 2530 materialiter
1230 2492 1615 2538 communicantem,
1640 2489 1821 2539 sequitur

505 2554 612 2599 quod
647 2552 823 2600 quelibet
856 2565 949 2600 pars
991 2553 1193 2588 coadunat
1234 2550 1431 2599 reliquam
1468 2559 1505 2586 et
1539 2562 1652 2585 suum
1689 2556 1819 2584 totum

506 2612 557 2646 ad
590 2623 751 2646 omnem
788 2610 989 2658 posterius
1023 2622 1110 2646 esse
1139 2618 1362 2646 causatum.
1835 2626 1880 2656 40

577 2808 603 2835 8.
625 2808 778 2836 difformis
800 2807 831 2835 Β.
937 2817 974 2844 ¹7-
997 2813 1023 2835 et
1043 2807 1130 2843 aster
1152 2808 1254 2834 nisum
1283 2807 1367 2834 deest
1388 2807 1419 2834 Β,
1511 2813 1554 2832 22.
1585 2805 1667 2840 quod
1695 2812 1756 2831 non
1787 2804 1820 2831 Β.

509 2874 550 2900 27Δ
575 2857 665 2893 lniTstx
682 2867 716 2900 (Β)
740 2867 771 2892 Β,
830 2875 874 2899 21.
897 2867 1072 2901 quiescente
1096 2866 1125 2892 l’».
1184 2866 1227 2892 28.
1251 2865 1385 2891 mistulis
1407 2865 1437 2890 13.
1511 2862 1555 2898 37.
1578 2862 1761 2898 equivocant
1783 2861 1813 2888 Β.
