2051 3327
188 243 276 270 CAP.
298 242 348 269 IX.
746 245 931 276 LOGICA.

185 350 368 397 Zenonis,
410 351 449 386 in
483 364 562 398 quo
595 351 758 398 ponitur
791 350 972 399 spacium
1014 360 1120 387 recte
1166 352 1316 387 moveri
1359 361 1497 388 contra

186 408 333 444 mobile
368 416 533 447 motum.

244 466 417 503 Ulterius
434 466 667 502 conceditur
678 467 785 515 quod
800 467 859 502 sol
871 462 1041 519 [motus]
1054 476 1166 503 motu
1182 467 1345 514 proprio
1361 480 1497 503 versus

186 523 330 570 oriens,
370 525 555 560 tardatur
587 524 783 572 attingere
816 524 967 572 oriens3
1003 534 1039 560 et
1072 525 1127 561 sic
1152 526 1200 561 de
1223 525 1309 561 aliis
1335 525 1496 561 mirabi-

40 586 66 615 Β
87 581 164 616 1081'
184 581 287 617 libus
312 581 632 618 conclusionibus
655 581 927 630 sequentibus.
957 579 962 629 Ι
991 581 1031 618 Si
1055 591 1189 618 tamen
1209 592 1319 618 motu
1334 583 1497 630 proprie

186 639 292 675 dicto
326 639 477 687 precise
503 648 728 676 moveretur
750 652 887 676 versus
919 640 1064 686 oriens,
1090 649 1184 676 tunc
1216 653 1296 676 non
1330 641 1385 676 sic
1418 649 1497 677 tar-

185 697 366 745 daretur,
420 697 513 745 quia
555 706 780 734 moveretur
826 701 882 734 2m
917 697 1036 733 aliam
1077 697 1311 745 porcionem
1358 698 1495 734 circuli

183 766 317 791 versus
350 755 496 794 oriens.

242 813 416 848 Ulterius
465 812 698 849 conceditur
743 813 851 859 quod
905 812 1127 860 descripcio
1171 813 1261 849 talis
1306 826 1385 849 non
1439 822 1495 849 est

132 885 168 905 10
185 878 330 916 motus,
376 872 444 906 sed
489 884 612 906 unum
655 869 960 906 accidentaliter
1004 871 1154 906 habens
1201 880 1369 908 motum.
1415 873 1496 907 Nec

185 927 361 975 quelibet
394 928 618 976 adquisicio
653 928 750 964 situs
785 936 843 963 est
876 937 1021 972 motus,
1070 941 1160 964 cum
1208 937 1284 965 stat
1332 929 1494 977 aliquod

184 985 314 1022 subito
339 986 551 1034 adquirere
575 987 636 1022 vel
659 987 878 1033 deperdere
901 985 1021 1021 situm
1047 999 1116 1034 per
1140 986 1493 1023 continuacionem

183 1044 244 1079 vel
277 1043 693 1080 discontinuacionem
726 1043 852 1091 partis
897 1043 1183 1091 quantitative3
1229 1053 1271 1080 ut
1304 1053 1414 1092 patet
1448 1046 1495 1080 de

184 1110 444 1149 augmentato
477 1102 538 1139 vel
578 1101 790 1151 diminuto,
836 1102 883 1137 de
928 1101 1209 1149 multiplicato,
1255 1103 1316 1138 vel
1349 1104 1396 1138 de
1430 1104 1495 1138 de-

131 1159 463 1207 15multiplicato.
511 1162 643 1196 Motus
679 1172 773 1207 ergo
808 1159 875 1207 qui
909 1168 965 1195 est
998 1159 1194 1196 limitacio
1228 1160 1386 1207 passiva
1420 1169 1493 1196 etc.

185 1225 241 1253 est
274 1217 428 1265 passio3
478 1219 546 1253 sed
579 1226 713 1254 motus
746 1217 970 1253 formaliter
1015 1217 1261 1253 successivus
1307 1227 1344 1253 et
1383 1218 1494 1254 velox

183 1274 340 1311 videtur
374 1275 494 1311 michi
527 1288 608 1311 non
654 1287 736 1311 esse
781 1274 936 1322 passi03
982 1277 1051 1311 sed
1097 1284 1230 1311 motus
1275 1275 1494 1312 accidentis

185 1332 395 1379 passionis,
429 1342 472 1369 ut
506 1342 637 1369 motus
682 1333 822 1368 localis
868 1333 1030 1380 proprie
1075 1333 1205 1369 dictus
1246 1333 1342 1369 dicit
1376 1346 1492 1369 suum

185 1390 349 1437 mobile,
382 1391 443 1427 vel
475 1391 594 1427 aliam
636 1399 790 1438 partem
838 1390 971 1438 primo
1018 1391 1169 1427 moveri
1216 1391 1411 1435 localiter,
1459 1400 1495 1427 et

128 1462 169 1483 20
184 1461 254 1495 per
288 1461 537 1496 consequens
570 1448 715 1496 ipsum,
749 1449 810 1484 vel
843 1448 1021 1496 aliquam
1057 1449 1139 1485 eius
1182 1458 1337 1496 partem
1385 1449 1494 1497 prius

185 1505 305 1542 fuisse
339 1506 379 1542 in
411 1506 488 1542 situ
520 1506 561 1542 in
594 1519 674 1555 quo
708 1515 797 1554 post
829 1519 911 1542 non
958 1515 1015 1542 est
1056 1519 1125 1554 per
1158 1507 1423 1543 successivam
1458 1515 1495 1542 et

186 1563 401 1611 parcialem
443 1564 541 1600 situs
586 1564 924 1614 adquisicionem,
974 1565 1023 1600 ad
1057 1577 1177 1612 quam
1212 1564 1394 1612 sequitur
1427 1566 1494 1601 ad-

186 1621 355 1670 quisicio
389 1621 652 1658 ubicacionis.
670 1623 762 1658 Ideo
797 1622 893 1658 dicit
927 1631 1223 1658 commentator
1248 1624 1355 1670 quod
1389 1635 1497 1659 com-

185 1680 349 1727 ponitur
382 1692 425 1716 ex
458 1680 594 1715 multis
628 1679 972 1716 affirmacionibus
1007 1689 1042 1716 et
1089 1680 1224 1716 multis
1269 1680 1494 1728 negacioni-

129 1741 168 1773 25
186 1739 277 1784 bus3
311 1737 404 1786 quia
437 1739 537 1774 tales
571 1746 929 1786 presupponuntur
975 1740 1112 1774 adesse
1160 1747 1355 1786 tanquam
1389 1738 1496 1786 prin-

186 1795 393 1843 cipiantes,
428 1797 496 1831 sed
536 1809 617 1832 non
661 1796 926 1843 quantitative
971 1804 1273 1843 componentes,
1321 1809 1409 1832 cum
1446 1796 1497 1832 sit

184 1853 313 1890 forma
344 1853 525 1900 simplex.

243 1913 319 1948 Sed
373 1911 584 1959 diligenter
636 1912 858 1948 notandum
913 1913 1020 1959 quod
1068 1920 1200 1947 motus
1253 1913 1497 1960 quandoque

184 1968 357 2005 sumitur
402 1968 630 2017 agregative
663 1982 735 2017 pro
769 1968 905 2005 multis
931 1969 1104 2005 motibus
1128 1969 1342 2017 agregatis,
1368 1970 1495 2006 eciam

128 2031 170 2063 30
185 2026 459 2072 discontinuis,
492 2028 552 2064 vel
587 2039 666 2074 quo
699 2028 749 2063 ad
781 2036 939 2074 tempus
988 2027 1049 2064 vel
1073 2040 1151 2075 quo
1176 2028 1226 2063 ad
1249 2027 1494 2074 subiectum;

184 2084 263 2121 sive
296 2084 374 2121 sint
406 2084 524 2121 unius
557 2084 717 2132 speciei,
758 2084 838 2121 sive
872 2085 950 2121 sint
990 2084 1212 2132 disparium
1247 2086 1493 2133 specierum:

185 2151 222 2178 et
254 2142 324 2178 illo
371 2144 492 2179 modo
537 2142 686 2178 dictum
737 2151 793 2178 est
838 2143 1158 2190 progressionem
1208 2156 1291 2180 esse
1338 2152 1492 2179 motum

185 2200 469 2248 compositum.
505 2202 758 2248 Quandoque
792 2210 925 2236 autem
961 2201 1132 2236 sumitur
1161 2201 1398 2249 simpliciter
1422 2214 1494 2249 pro

185 2267 295 2293 motu
341 2258 451 2294 cuius
505 2258 678 2306 quelibet
718 2271 811 2306 pars
856 2258 1064 2294 divisibilis
1109 2271 1199 2294 vere
1233 2259 1494 2295 continuatur

129 2319 167 2351 35
185 2328 273 2351 cum
309 2316 463 2363 reliqua
496 2325 532 2351 et
568 2325 624 2352 est
658 2316 834 2352 eiusdem
869 2316 1057 2360 racioniS,
1104 2325 1144 2351 ut
1180 2326 1312 2353 motus
1356 2316 1494 2364 puncti

184 2373 224 2408 in
258 2373 536 2421 equinocciali.
571 2374 705 2409 Primo
747 2375 866 2410 modo
912 2383 970 2410 est
1014 2374 1298 2421 augmentacio
1345 2383 1491 2420 motus,

186 2440 222 2466 et
254 2432 354 2467 forte
388 2432 518 2467 omnis
552 2441 682 2467 motus
715 2432 814 2468 citra
847 2431 1157 2467 velocissimum.

241 2489 384 2525 Tercio
401 2489 679 2536 principaliter
699 2489 888 2525 dividitur
924 2498 1054 2525 motus
1072 2493 1129 2525 2¹n
1164 2502 1256 2525 suas
1273 2489 1492 2537 passiones,

186 2546 347 2582 racione
379 2547 573 2594 temporis
607 2547 895 2593 mensurantis3
936 2556 979 2582 ut
1012 2547 1156 2595 aliquis
1190 2555 1247 2583 est
1280 2547 1494 2583 uniformis

126 2612 223 2647 40et
272 2604 415 2652 aliquis
461 2604 676 2644 difformis:
723 2614 760 2640 et
804 2614 973 2653 uterque
1018 2604 1286 2641 subdividitur
1331 2618 1410 2652 quo
1444 2606 1492 2641 ad

185 2661 407 2697 subiectum
443 2671 479 2698 et
512 2675 590 2711 quo
624 2664 674 2698 ad
720 2672 889 2710 tempus.
937 2664 1027 2707 Quo
1073 2664 1122 2698 ad
1167 2663 1389 2698 subiectum
1437 2671 1494 2698 est

253 2857 277 2885 3.
300 2864 401 2886 motus
423 2860 509 2887 deest
527 2860 559 2887 Β.
634 2858 679 2894 39.
701 2860 871 2887 conformis
894 2860 926 2887 Β.

1734 251 1782 289 27

1519 474 1578 502 We
1598 483 1668 511 may
1689 476 1785 503 admit

1542 510 1607 537 that
1627 511 1676 537 tlie
1697 519 1766 545 sun,

1583 553 1711 580 movmg

1530 580 1700 618 castwa1·ds
1721 579 1761 615 by

1581 619 1619 641 its
1640 622 1710 641 own

1555 653 1741 684 movement,

1570 684 1674 718 delays
1694 683 1724 710 in

1539 719 1684 752 reaching
1702 718 1752 745 the

1546 757 1623 787 east3
1646 753 1703 779 and
1727 762 1760 779 so

1624 796 1674 814 on.

1530 822 1605 848 Also
1627 823 1691 849 that
1711 823 1760 849 the

1518 857 1598 883 orbit
1619 857 1778 883 described

1516 899 1555 917 on
1572 892 1621 918 the
1636 892 1768 918 celcstial

1528 927 1639 958 spliere
1660 927 1686 953 is
1708 931 1761 953 not

1517 965 1704 994 movement,
1727 961 1780 988 bnt

1540 1003 1555 1021 a
1576 996 1663 1030 thing
1683 996 1748 1022 that

1592 1038 1708 1057 moves.

1527 1179 1712 1214 Movemcm,
1734 1189 1767 1207 so

1555 1215 1601 1241 sar
1621 1223 1654 1241 as
1675 1215 1696 1241 it
1716 1215 1741 1241 is

1538 1249 1671 1284 passive,
1693 1250 1717 1276 is
1739 1258 1754 1276 a

1541 1284 1682 1318 passion3
1704 1289 1757 1311 not

1511 1323 1688 1346 movement
1707 1319 1780 1346 with

1531 1354 1628 1380 actua]
1651 1355 1767 1388 change

1574 1388 1608 1414 of
1627 1389 1720 1421 place.

1522 1422 1547 1449 It
1567 1422 1689 1456 implies
1711 1423 1775 1450 that

1528 1457 1576 1484 the
1597 1457 1714 1492 subject
1734 1466 1769 1485 οι·

1551 1500 1567 1518 a
1589 1493 1712 1531 partof
1730 1493 1752 1519 it

1558 1534 1704 1561 occupies
1726 1535 1742 1554 a

1548 1561 1631 1595 place
1653 1562 1716 1588 that
1737 1563 1758 1589 it

1584 1596 1634 1623 did
1658 1601 1712 1623 not

1521 1638 1640 1666 occupy
1661 1632 1774 1658 before.

1471 1680 1475 1685 ·
1512 1666 1689 1693 Averrlioes
1712 1674 1781 1695 savs

1519 1700 1582 1726 that
1602 1701 1624 1727 it
1645 1701 1670 1727 is
1692 1698 1780 1728 made

1547 1743 1587 1768 up
1609 1735 1643 1762 of
1660 1743 1753 1771 many

1547 1769 1751 1797 affirmations

1524 1805 1581 1831 and
1605 1805 1774 1839 negations.

1524 1921 1720 1948 ‘Movement’
1742 1922 1767 1949 is

1554 1957 1732 1983 sometimes

1523 1991 1690 2020 collective.
1713 1991 1772 2018 and

1539 2033 1643 2052 means
1664 2034 1757 2061 many

1547 2065 1755 2095 movements3

1539 2210 1717 2237 sometimes
1739 2211 1760 2237 it

1574 2253 1679 2271 means
1700 2254 1715 2272 a

1534 2285 1709 2306 movement
1729 2282 1763 2307 os

1544 2314 1644 2340 xvliicli
1667 2316 1741 2342 each

1572 2354 1639 2383 part
1660 2349 1684 2375 is
1706 2358 1722 2376 a

1537 2384 1638 2418 seqnel
1661 2388 1691 2410 to
1712 2385 1762 2411 the

1598 2419 1695 2445 otller.

1557 2500 1734 2528 Movement

1578 2535 1604 2562 is
1625 2535 1722 2562 either

1551 2570 1686 2597 uniform
1709 2579 1744 2597 or

1586 2605 1705 2639 varied;

1529 2640 1661 2667 uniform
1685 2641 1713 2666 in
1736 2640 1774 2667 its

1522 2674 1639 2707 subject
1660 2674 1685 2701 it*
1703 2675 1775 2702 each

1552 2714 1619 2743 part
1639 2710 1673 2736 ol*
1691 2710 1741 2736 tlie
