2051 3327
228 243 317 272 CAP.
337 242 390 271 lx.
787 245 973 279 LOGICA.

227 352 525 390 indivisibiliter
546 351 724 389 velocius
757 351 868 389 moti.
898 352 956 398 30,
981 350 1075 399 quia
1107 351 1186 387 tale
1211 349 1535 387 circumductum

227 424 307 448 non
341 419 523 448 movetur
556 410 730 447 velocius
763 422 883 458 quam
919 408 1064 457 aliquis
1098 408 1182 445 eius
1215 417 1407 457 punctus3
1442 408 1537 456 quia

227 477 322 505 tunc
342 477 569 506 moveretur
584 468 774 505 velociori
793 469 919 515 gradu
945 475 1096 514 motus;
1120 475 1157 503 et
1180 478 1251 514 per
1274 478 1522 514 consequens

1774 236 1826 285 89

1624 356 1660 392 (3)
1680 358 1707 385 lt
1726 357 1752 385 is

1553 392 1736 428 impossible
1756 393 1821 420 that

1576 435 1592 454 a
1614 427 1694 463 body
1714 428 1804 455 could

1589 470 1679 489 move
1699 463 1794 490 faster

1529 497 1536 512 ’
1559 497 1631 524 than
1653 505 1712 533 any
1732 497 1767 524 of
1783 497 1822 524 its

228 539 317 563 cum
365 528 511 575 gradus
559 526 632 563 iste
680 526 730 562 sit
775 526 943 571 dandus,
991 533 1093 562 esset
1138 525 1233 561 dare
1278 524 1377 560 illud
1429 524 1538 572 quod
1582 540 1651 559 own
1674 532 1794 567 points;

1616 567 1718 594 which
1739 566 1765 594 is

195 584 362 633 §primo
413 593 596 621 movetur
640 584 709 620 illo
754 584 894 631 gradu.
943 582 1054 619 Sicut
1087 595 1181 631 ergo
1225 594 1307 618 non
1351 590 1410 618 est
1443 583 1538 618 dare
1565 601 1704 637 implied,
1725 601 1751 628 if
1768 601 1818 628 the

174 885 212 906 10

178 1162 212 1195 15

173 1463 214 1487 20

175 1742 214 1774 25

175 2031 217 2063 30

82 2321 108 2351 B
134 2316 211 2362 129b

228 642 382 691 precise
406 655 527 690 quarn
550 641 741 679 velociter
764 640 955 690 precipue
972 649 1156 677 movetur
1188 639 1333 688 aliquis
1366 648 1538 687 punctus

1565 644 1706 663 measure
1726 636 1761 663 of
1777 636 1816 663 its

1582 671 1712 707 velocity
1732 671 1758 698 is
1779 679 1795 698 a

227 700 283 736 sic
329 699 442 745 moti,
488 699 542 736 ita
587 712 660 736 nec
693 708 750 736 est
784 700 879 735 dare
912 707 1107 747 quantum
1140 697 1317 734 velocior
1350 697 1539 745 precipue
1562 706 1623 733 line
1642 706 1764 734 outside
1783 707 1817 734 it.

229 766 409 794 movetur
441 766 571 794 toturn
606 757 767 793 mobile.
802 759 850 793 Et
875 765 1018 805 quarto
1042 764 1165 804 patet,
1191 756 1285 804 quia
1306 755 1539 803 ymaginato

228 816 336 864 quod
368 817 443 852 Sor
476 815 774 852 circumductus
806 814 1058 863 derelinquat
1096 823 1185 862 post
1218 826 1271 859 se,
1305 825 1377 861 per
1409 821 1538 849 totum

227 873 265 909 in
299 885 379 921 quo
410 873 527 909 fuerit
561 872 696 921 aliqua
735 885 826 920 pars
866 872 948 908 eius
983 871 1226 919 [caliditatis‚
1268 871 1411 919 ipsam]
1447 869 1541 907 cali-

228 930 396 967 ditatem
443 931 504 967 vel
543 930 652 967 aliud
692 929 879 966 accidens
919 931 1202 978 quodcunque,
1249 937 1286 965 et
1318 941 1399 965 non
1433 937 1540 965 extra

228 988 339 1024 illum
374 988 509 1038 situm,
542 997 652 1036 patet
693 989 801 1036 quod
847 988 1049 1036 completa
1095 986 1450 1024 circumduccione
1484 994 1542 1022 est

228 1048 324 1083 dare
355 1047 480 1083 totale
513 1045 699 1082 accidens
732 1045 982 1091 derelictum,
1017 1054 1054 1082 et
1096 1058 1167 1093 per
1199 1057 1450 1093 consequens
1484 1052 1542 1080 est

229 1105 325 1140 dare
370 1103 452 1140 eius
499 1103 841 1148 circumferencia,
889 1116 979 1139 cum
1026 1104 1154 1140 solum
1202 1103 1312 1139 finite
1344 1101 1542 1139 situaliter

230 1161 466 1198 extenditur.
523 1164 657 1207 Quero
684 1161 822 1209 ,igitur
873 1170 1007 1198 utrum
1063 1160 1393 1197 circumferencia
1450 1159 1541 1196 talis

229 1219 447 1256 accidentis
487 1219 536 1255 sit
582 1219 712 1256 maior
757 1231 879 1268 quarn
924 1219 1147 1266 triangulus
1192 1218 1416 1266 descriptus
1457 1230 1478 1254 a
1511 1219 1541 1253 Β

229 1286 379 1325 puncto
425 1276 735 1322 (indivisibiliter
785 1276 963 1313 velocius
1010 1286 1121 1313 moto
1168 1276 1373 1324 continue)
1418 1288 1539 1324 quam

229 1335 373 1384 aliquis
406 1344 579 1383 punctus
612 1335 652 1371 in
685 1334 864 1382 instanti,
887 1335 949 1371 vel
982 1334 1127 1380 minor,
1159 1335 1221 1371 vel
1255 1333 1541 1383 equalis?Non

229 1393 393 1429 dubium
430 1395 537 1441 quod
570 1392 763 1442 sequitur,
805 1406 877 1441 pro
911 1392 1091 1441 quolibet
1124 1392 1290 1429 instanti
1323 1391 1542 1428 intrinseco

230 1459 376 1501 motus,
416 1451 590 1499 aliquem
624 1460 817 1499 punctum
853 1450 980 1487 Sortis
1012 1450 1189 1487 velocius
1235 1449 1387 1486 moveri
1420 1462 1541 1498 quam

229 1511 259 1545 Β
291 1508 548 1545 uniformiter
581 1518 748 1546 motum.
773 1510 849 1546 Sed
885 1508 1010 1545 miror
1042 1521 1166 1557 quare
1198 1521 1280 1545 non
1312 1507 1387 1544 erit
1410 1516 1543 1544 motus

230 1568 260 1602 B
292 1575 401 1604 tante
444 1566 633 1613 velocior,
681 1580 800 1616 quam
843 1566 1016 1603 circulus
1049 1566 1273 1615 descriptus
1307 1568 1355 1603 ab
1389 1578 1435 1602 eo
1469 1565 1574 1602 erit⁵

231 1624 383 1661 maior?
423 1627 471 1661 Et
517 1637 605 1661 cum
653 1624 912 1661 uniformiter
953 1625 1190 1671 movebitur,
1242 1624 1356 1661 sicud
1409 1632 1445 1660 et
1498 1625 1542 1670 Β,

230 1691 274 1719 ut
317 1695 515 1731 suppono,
562 1682 744 1731 sequitur
791 1696 882 1719 cum
929 1682 1072 1718 dandis
1117 1683 1224 1731 quod
1269 1682 1309 1718 in
1363 1681 1543 1730 qualibet

233 1749 345 1788 parte
378 1740 468 1777 talis
491 1740 700 1789 temporis,
725 1742 754 1777 Β
778 1742 985 1777 excederet
1010 1742 1168 1777 Sortem
1192 1752 1263 1789 per
1286 1739 1541 1776 indivisibile.

233 1800 338 1845 Ergo
370 1811 450 1834 non
488 1798 616 1835 solum
663 1798 958 1835 indivisibiliter
1004 1807 1186 1835 movetur
1231 1800 1260 1834 Β
1293 1797 1469 1834 velocius
1502 1798 1540 1833 S.

231 1858 279 1892 Et
313 1855 377 1892 hic
407 1856 565 1893 videtur
599 1858 720 1905 quod,
746 1856 1023 1893 circumducta
1057 1869 1079 1893 a
1112 1858 1141 1892 Β
1165 1856 1271 1892 linea
1293 1857 1338 1902 A,
1364 1864 1542 1892 extremo

233 1914 421 1950 continue
454 1913 697 1962 quiescente,
721 1923 905 1951 causaret
936 1927 1007 1962 per
1040 1916 1068 1950 Β
1102 1923 1257 1951 motum
1288 1914 1540 1959 circularem,

232 1971 333 2008 sicut
366 1971 611 2009 describeret
633 1972 754 2009 situm
778 1972 1041 2019 circularem3
1065 1981 1102 2009 et
1126 1981 1263 2009 amoto
1287 1972 1370 2009 eius
1392 1980 1543 2019 puncto

233 2030 438 2066 extremali
482 2029 567 2066 sine
611 2030 729 2078 pluri,
775 2030 816 2067 in
862 2034 906 2068 2a
951 2030 1033 2066 eius
1079 2030 1435 2067 circumduccione
1478 2030 1544 2065 de-

232 2087 423 2124 scriberet
456 2088 650 2124 circulum
684 2087 951 2125 inmediatum
986 2087 1132 2136 priori:
1177 2097 1215 2125 et
1246 2088 1302 2125 sic
1335 2088 1418 2124 sine
1451 2087 1542 2123 fine.

232 2148 281 2182 Et
319 2145 375 2182 sic
419 2155 732 2194 componeretur
781 2146 954 2183 circulus
1000 2158 1043 2182 ex
1098 2145 1439 2183 circumferenciis
1484 2144 1543 2180 in-

234 2203 430 2240 mediatis.
479 2206 561 2240 Nec
606 2213 664 2240 est
704 2203 869 2240 dubium
903 2203 1001 2252 quin
1035 2212 1093 2240 est
1126 2205 1222 2240 dare
1265 2204 1389 2240 totale
1421 2203 1542 2239 situm

233 2274 304 2309 per
337 2273 455 2309 quern
497 2263 571 2298 Sor
609 2261 681 2298 fuit
718 2275 792 2310 pro
831 2271 1014 2310 tempore
1054 2274 1124 2298 sue
1163 2260 1541 2298 circumduccioniS.

234 2321 281 2355 Et
314 2319 370 2355 sic
402 2320 449 2355 de
482 2321 515 2355 A
548 2328 586 2355 et
617 2322 647 2356 Β
679 2319 796 2366 linea,
843 2332 1085 2368 quocunque
1128 2328 1242 2368 parte
1281 2319 1433 2364 mundi,
1464 2316 1468 2371 Ι
1498 2331 1544 2354 eo

234 2378 342 2425 quod
387 2386 444 2413 est
489 2379 584 2414 dare
625 2377 843 2414 maximum
888 2378 1007 2414 situm
1055 2377 1094 2413 in
1136 2379 1302 2428 mundo,
1347 2379 1398 2414 ad
1431 2377 1543 2413 cuius

304 2566 345 2585 ιο.
367 2558 531 2586 caliditatis
551 2558 652 2594 ipsam
672 2558 755 2586 deest
774 2559 807 2586 B.
898 2558 934 2586 30
969 2550 1031 2594 ρίἶῖι
1053 2558 1086 2586 Β.

302 2629 333 2661 8.
360 2631 408 2661 Et
433 2635 570 2672 quarto.
611 2631 661 2663 Of
681 2630 739 2662 the
764 2630 881 2662 whole
914 2630 954 2662 of
974 2630 1042 2662 this
1075 2630 1267 2672 paragraph
1301 2631 1367 2661 and
1393 2629 1451 2661 the
1477 2629 1544 2661 fol-

233 2676 365 2718 lowing
391 2688 488 2715 ones,
527 2679 537 2708 l
563 2677 653 2709 have
679 2677 766 2709 been
793 2678 869 2709 able
907 2684 942 2708 to
968 2678 1180 2708 understand
1213 2676 1359 2718 nothing
1391 2676 1546 2708 relevant

234 2729 270 2753 to
296 2722 354 2754 the
380 2725 542 2764 question
562 2724 754 2755 discussed.
781 2724 933 2755 Readers
960 2723 1087 2754 should
1114 2723 1196 2754 bear
1222 2724 1255 2754 in
1283 2723 1378 2753 mind
1397 2723 1470 2753 that
1487 2722 1544 2753 the

235 2770 305 2799 MS.
332 2770 360 2800 is
387 2770 528 2811 unique,
555 2769 747 2812 frightfully
773 2770 937 2811 illegible,
964 2769 1150 2812 especially
1176 2770 1210 2800 in
1236 2769 1304 2800 this
1330 2773 1416 2810 part,
1442 2768 1545 2799 With-

235 2821 297 2845 out
329 2826 395 2858 any
433 2817 644 2847 corrections
676 2816 766 2847 from
792 2816 874 2847 here
899 2820 935 2847 to
955 2815 1013 2847 the
1039 2816 1116 2855 end,
1146 2816 1213 2847 and
1234 2816 1376 2857 bearing
1402 2825 1497 2856 upon
1525 2825 1544 2845 a

235 2861 368 2903 subject
393 2862 507 2893 which
534 2863 561 2893 is
588 2862 682 2893 itself
704 2862 924 2904 particularly
949 2862 1034 2893 hard
1061 2869 1097 2893 to
1123 2862 1348 2893 understand.
