2051 3327
224 263 297 298 144

222 374 405 407 ‘something
429 372 487 398 will

230 409 264 435 bc
286 407 479 439 necessarily,

246 443 333 469 xxlicn
355 443 377 469 it
399 438 457 468 will

294 482 346 504 not
368 477 401 503 be

247 511 454 545 necessarily)

233 547 313 581 Only
334 547 471 584 absolute

257 586 407 615 necessity
428 588 454 606 is

255 616 394 650 opposed
416 620 446 641 to

247 655 450 684 contingency

233 686 269 713 of
285 693 373 720 every
395 688 469 711 sort.

277 1692 336 1720 We
357 1701 437 1728 may,

227 1728 382 1760 however,
403 1732 491 1761 grant

253 1770 339 1789 some
358 1763 393 1789 of
410 1762 461 1789 the

251 1797 448 1824 conclusions

236 1832 329 1866 urged
352 1832 472 1866 against

334 1877 381 1895 us.

311 1902 347 1929 V.
371 1911 397 1942 g.
449 1937 454 1941 ¹

245 1937 427 1972 Something
448 1946 473 1964 is

236 1973 423 2008 necessarily
444 1973 473 1999 in

269 2008 318 2034 the
339 2009 442 2034 future

220 2043 308 2070 when
333 2044 353 2070 it
374 2046 486 2070 cannot

237 2078 375 2113 possibly
397 2079 431 2105 be
452 2077 481 2104 in

266 2114 314 2139 the
337 2115 447 2140 tuturo.

225 2148 302 2175 This
323 2148 348 2175 is
370 2146 491 2184 verilied

236 2184 264 2210 in
287 2184 336 2210 tlte
357 2192 425 2211 case
446 2184 475 2208 ot

254 2219 303 2244 the
325 2219 452 2246 Instant.

249 2253 306 2280 But
326 2254 411 2281 when
433 2255 458 2281 is

245 2288 316 2314 here
337 2290 424 2316 taken
447 2290 475 2316 in

243 2327 305 2349 two
328 2323 467 2351 ditl'erent

234 2365 389 2389 manners,
412 2367 481 2386 now

221 2392 425 2428 determining
445 2395 495 2421 the

239 2428 321 2461 verb,
344 2436 412 2455 now
433 2430 483 2456 tlte

281 2464 450 2499 participle.

942 259 1165 290 JOHANNIS
1192 260 1376 291 WYCLIF
1668 258 1757 286 (ΖΑΓ.
1778 259 1814 286 X.

505 366 667 412 quidem
711 374 779 409 est,
822 377 910 400 cum
953 377 1071 400 omne
1105 366 1214 412 quod
1254 365 1327 401 erit
1367 367 1592 403 necessario
1632 367 1705 403 erit
1745 381 1816 415 pro

505 435 744 470 quacunque
790 435 976 458 mensura
1021 422 1217 470 temporis
1262 437 1335 471 pro
1374 437 1453 472 qua
1493 424 1578 468 erit,
1625 438 1670 461 eo
1710 427 1817 473 quod

503 480 774 517 necessarium
800 493 842 516 ex
866 480 1149 528 supposicione
1173 481 1418 518 convertitur
1434 495 1523 518 cum
1548 483 1817 530 contingente.

505 538 730 574 cuiusmodi
764 547 820 574 est
843 551 962 574 omne
991 551 1127 574 verum
1154 548 1287 586 preter
1319 540 1589 576 necessarium
1624 542 1817 577 absolute.

504 599 552 633 Et
592 596 646 632 ita
685 605 818 632 creata
859 605 915 632 est
954 596 1170 633 necessitas
1212 597 1251 633 in
1290 597 1383 634 ista:
1425 599 1495 635 hoc
1528 599 1600 633 erit
1640 599 1851 643 (demon-5

504 663 628 691 strata
672 667 914 702 quacunque
959 667 1000 691 re
1046 656 1304 702 contingente
1355 655 1468 692 sicud
1521 656 1560 693 in
1604 655 1819 693 existencia

504 725 572 749 sue
602 711 785 760 speciei);
818 721 856 748 et
890 725 980 748 cum
1011 713 1087 749 hoc
1117 714 1235 750 habet
1265 723 1470 750 causatam
1495 713 1816 761 contingenciam

504 772 553 807 ad
598 770 834 807 utrumlibet
885 770 925 806 in
978 779 1169 819 utroque3
1222 773 1290 808 sed
1334 771 1375 807 in
1422 772 1722 819 permanencia,
1776 772 1820 809 in

504 828 729 877 prioritate,
767 828 808 864 in
848 828 989 865 maiori
1029 828 1201 865 utilitate
1246 829 1398 865 excedit
1439 842 1563 865 unum
1604 842 1821 866 commune

504 900 618 923 suum
673 886 889 934 singulare.
944 887 1021 932 Qui
1074 896 1208 924 autem
1263 887 1377 924 aliter
1421 887 1460 923 in
1505 887 1728 938 prioritate,
1780 887 1878 924 in10

507 944 650 981 maiori
690 944 863 981 utilitate
904 944 1055 982 excedit
1094 958 1423 994 unumquemque
1462 958 1578 981 suum
1618 947 1694 982 hoc
1738 958 1820 982 non

505 1004 616 1040 solet.
647 1000 651 1055 Ι
1841 1007 1966 1052 31491’

564 1062 775 1109 Loquebar
812 1061 852 1096 in
892 1061 967 1097 hoc
1006 1068 1191 1110 tractatu,
1238 1061 1309 1098 fuit
1349 1073 1391 1097 ex
1431 1060 1665 1109 ignorancia
1706 1061 1821 1099 huius

505 1118 719 1156 sentencie.
765 1121 847 1155 Nec
892 1120 1004 1155 decet
1048 1131 1193 1166 pueros
1238 1128 1306 1155 aut
1352 1128 1562 1166 provectos
1605 1118 1660 1156 sic
1698 1119 1820 1168 loqui,

504 1177 579 1214 nisi
613 1177 772 1223 sciolos,
808 1189 897 1213 cum
933 1176 1252 1213 circumstanciis
1287 1176 1504 1226 requisitis.
1540 1179 1632 1213 Ideo
1666 1178 1879 1225 expedit15

505 1236 606 1272 scire
640 1244 854 1283 utramque
887 1236 1059 1281 scolam3
1094 1236 1162 1270 sed
1195 1235 1360 1283 puerilis
1384 1235 1492 1272 scola
1514 1234 1824 1283 imbrigabiliter

505 1306 686 1331 onerosa.
740 1293 856 1330 Scola
901 1302 1050 1340 autem,
1098 1292 1224 1329 eciam
1270 1293 1565 1341 theologorum,
1612 1302 1668 1329 est
1714 1293 1822 1339 levis,

506 1351 775 1388 dissensiones
808 1351 1046 1399 sophisticas
1069 1351 1204 1388 statim
1229 1351 1436 1388 excuciens
1460 1352 1824 1399 correspondenter

506 1412 555 1447 ad
596 1409 854 1446 condiciones
893 1409 1101 1446 hominum
1139 1409 1283 1457 quibus
1317 1409 1559 1446 conveniunt
1597 1408 1670 1445 iste
1703 1410 1823 1446 scole.

506 1471 619 1505 Nunc
643 1477 775 1504 autem
801 1480 887 1503 sum
912 1467 1031 1503 nimis
1055 1479 1171 1505 senex
1195 1469 1244 1503 ad
1268 1467 1464 1515 penaliter
1486 1467 1820 1504 incarcerandum
1840 1482 1881 1502 20

507 1539 569 1563 me
593 1526 633 1562 in
657 1526 765 1563 scola
789 1525 927 1573 priori.
952 1527 1059 1572 Ideo,
1084 1534 1250 1574 propter
1272 1526 1507 1563 facilitatem
1532 1525 1820 1573 indulgendum

507 1584 668 1622 senibus
712 1597 859 1632 sequor
899 1588 975 1620 2³¹¹]
1015 1583 1276 1631 intelligendo
1315 1583 1573 1631 scripturam,
1621 1592 1658 1620 et
1701 1584 1824 1620 collo-

508 1652 676 1692 quentes
710 1643 873 1691 quando
908 1642 1186 1690 equivocando
1219 1642 1409 1679 locuntur
1440 1651 1483 1677 ut
1516 1641 1684 1689 parvuli.

564 1702 854 1737 Verumtamen
885 1702 1109 1737 notandum
1141 1702 1249 1748 quod
1282 1700 1534 1749 zophismata
1567 1700 1824 1736 concedenda

507 1769 674 1808 possunt
715 1759 968 1795 commisceri
1008 1759 1048 1795 in
1087 1758 1155 1794 illa
1196 1759 1378 1804 materia,
1419 1767 1461 1793 ut
1499 1757 1568 1803 sic,
1609 1757 1824 1794 necessario
1842 1760 1881 1793 25

506 1818 652 1867 aliquid
690 1818 763 1853 erit
791 1818 978 1865 futurum
1019 1818 1170 1866 quando
1217 1830 1291 1853 non
1325 1816 1472 1866 poterit
1515 1828 1596 1852 esse
1623 1817 1823 1864 futurum.

507 1878 607 1912 Nam
642 1875 849 1923 quodlibet
890 1875 1044 1912 instans
1084 1884 1141 1911 est
1175 1888 1247 1922 pro
1282 1887 1468 1911 mensura
1501 1873 1560 1909 sui
1599 1873 1738 1922 ipsius,
1777 1885 1825 1909 ne

507 1934 556 1970 sit
601 1934 640 1969 in
681 1933 882 1969 infinitum
923 1946 1134 1981 processus
1173 1932 1214 1968 in
1253 1932 1453 1969 mensuris
1493 1930 1736 1977 huiusmodi,
1783 1939 1825 1967 ut

508 2001 617 2040 patet
650 1996 697 2040 40
731 1991 991 2039 phisicorum.
1029 1990 1246 2037 Quodlibet
1271 2004 1364 2039 ergo
1388 1991 1540 2026 instans
1564 1998 1621 2025 est
1644 1990 1823 2025 futurum

509 2063 580 2098 pro
626 2062 812 2086 mensura
865 2050 924 2085 sui
973 2049 1117 2097 ipsius;
1171 2059 1207 2085 et
1260 2062 1333 2097 pro
1386 2048 1453 2084 illa
1506 2060 1693 2084 mensura
1744 2059 1825 2082 non
1843 2061 1884 2083 ,πο

509 2108 657 2156 poterit
704 2120 786 2143 esse
820 2108 1011 2151 futurum,
1061 2120 1151 2143 cum
1196 2108 1349 2143 nullum
1394 2107 1545 2142 instans
1584 2104 1825 2141 anteriorari

510 2165 656 2214 poterit
689 2166 748 2201 vel
783 2165 945 2204 differri.
993 2168 1069 2201 Ista
1103 2175 1238 2201 tamen
1271 2164 1408 2201 oracio
1443 2173 1499 2200 est
1533 2162 1823 2211 amphigorica,

510 2225 730 2260 secundum
793 2225 901 2272 quod
960 2224 1005 2272 ly·
1064 2224 1301 2271 “quand0³³‚
1367 2221 1628 2271 geminatum,
1694 2229 1825 2268 potest

510 2281 778 2318 diversimode
823 2281 1090 2317 determinare
1136 2283 1301 2317 verbum
1346 2281 1403 2317 vel
1448 2278 1721 2328 participium.
1774 2279 1826 2314 Ut

511 2340 596 2377 illa:
643 2339 794 2376 instans
839 2339 918 2376 iam
965 2348 1022 2376 est
1067 2340 1245 2375 futurum
1294 2339 1332 2374 in
1377 2338 1508 2386 seipso
1553 2346 1590 2373 et
1635 2335 1825 2373 continue
1843 2340 1881 2373 25

511 2411 636 2448 usque
660 2400 709 2435 ad
740 2398 836 2434 illud
868 2397 1062 2434 exclusive
1093 2406 1150 2434 est
1184 2397 1359 2433 futurum
1395 2396 1434 2432 in
1466 2395 1611 2443 seipso,
1644 2395 1712 2431 sed
1745 2406 1826 2430 non

581 2580 606 2608 Β.
629 2581 719 2616 quinte
741 2580 771 2607 Β.
875 2574 951 2615 S—J-o.
975 2579 1187 2606 demonstrata
1210 2578 1240 2604 Β.
1368 2585 1395 2611 9.
1418 2576 1485 2603 vtite
1506 2576 1537 2603 Β.
1649 2582 1686 2602 12.
1714 2573 1766 2601 solt
1793 2574 1824 2600 B.

514 2638 552 2665 31.
575 2628 710 2666 antrorai
735 2638 765 2664 Β.

587 2722 636 2754 13.
686 2720 804 2752 There
839 2722 866 2751 is
910 2730 1062 2761 no-gap
1102 2718 1198 2759 here,
1242 2718 1302 2749 but
1339 2718 1364 2749 it
1402 2718 1429 2748 is
1471 2716 1611 2748 evident
1647 2715 1719 2746 that
1759 2725 1827 2746 one

512 2774 675 2799 sentence
700 2774 733 2798 at
760 2767 845 2798 least
863 2766 925 2797 has
944 2766 1031 2797 been
1058 2764 1118 2796 left
1136 2771 1207 2796 out.
1235 2764 1311 2795 The
1330 2763 1533 2805 negligence
1559 2762 1599 2793 of
1613 2761 1671 2793 the
1691 2761 1827 2803 copyist

512 2824 625 2845 seems
651 2820 687 2845 to
714 2815 867 2845 increase
893 2823 930 2844 as
955 2812 999 2843 he
1031 2811 1248 2854 approaches
1285 2810 1343 2841 the
1370 2810 1446 2850 end,
1490 2819 1526 2840 as
1553 2818 1632 2851 may
1674 2807 1715 2839 be
1742 2817 1823 2839 seen

512 2861 556 2902 by
583 2860 779 2902 examining
805 2860 863 2891 the
890 2859 1053 2890 mistakes
1080 2859 1113 2889 in
1139 2857 1196 2889 the
1224 2858 1293 2889 MS.
