2051 3327
171 279 219 318 72

252 390 288 416 be
310 391 359 415 the

174 425 255 451 form
278 424 312 451 of
328 427 434 456 water,

899 272 1123 304 JOHANNIS
1148 272 1333 304 WYCLIF
1614 269 1703 298 CAP.
1724 271 1775 298 IX.

458 381 514 417 sic
548 382 595 417 de
630 379 784 425 ceteris,
820 378 914 427 quia
949 378 1119 415 materia
1153 378 1299 415 dicitur
1328 378 1492 415 relative
1515 380 1564 415 ad
1590 378 1776 416 materia-

166 460 224 486 and
245 458 373 486 another
393 448 558 484 metum.
604 440 765 483 Ymmo,
813 449 903 473 cum
953 436 1122 473 materia
1168 436 1216 473 sit
1261 438 1401 473 eadem
1452 436 1631 473 essencia
1684 449 1774 473 cum

198 495 279 520 form
301 493 335 519 of
352 493 414 520 fise.

183 527 364 562 According
384 532 414 554 to

202 563 268 590 that
288 563 406 598 theory,

221 598 258 624 all
281 597 390 624 bodies

224 633 326 659 would
350 632 385 658 be

185 667 305 702 equally
326 667 430 694 dense.

172 842 217 868 As
237 841 286 868 for
307 841 356 873 (2),
377 839 399 866 it
419 839 444 865 is

187 883 272 903 more
293 874 422 902 difficult

211 915 242 937 to
263 917 399 942 answerJ

238 953 284 970 we
305 952 375 979 may

199 987 335 1014 suppose
355 979 420 1005 that

188 1015 238 1042 the
259 1014 423 1041 substance

171 1050 205 1076 of
221 1049 272 1076 the
286 1049 341 1084 sky
362 1048 446 1083 gives

206 1092 274 1119 way
294 1091 333 1110 on
355 1091 414 1109 one

202 1119 277 1151 side,
300 1126 334 1145 so
354 1118 419 1144 that

210 1154 260 1180 the
280 1152 417 1187 glorified

177 1188 259 1224 body
275 1196 344 1223 may
360 1195 442 1222 pass.

263 1223 357 1251 Some

201 1258 421 1292 philosophers

232 1293 322 1328 deny,
346 1292 398 1319 but

190 1327 320 1354 without
340 1328 439 1362 proot',

242 1362 308 1389 that
328 1370 387 1398 any

211 1397 329 1431 foreign
351 1397 433 1432 body

209 1440 263 1459 can
289 1433 324 1458 be
343 1433 415 1459 thus

177 1472 244 1501 part
264 1467 299 1493 of
315 1467 364 1494 the
385 1467 451 1503 sky,

214 1503 344 1529 because
364 1502 415 1529 the

224 1537 289 1572 sky,
311 1537 401 1571 being

230 1572 402 1610 absolutely

249 1615 335 1641 pure,
356 1615 382 1633 1s

196 1641 441 1669 incondensible.

210 1678 237 1703 A
258 1676 422 1712 difficulty:

196 1711 325 1747 nothing
345 1712 435 1739 could

235 1747 269 1772 be
290 1746 400 1773 moved

231 1781 361 1808 without
381 1789 396 1807 a

204 1820 381 1843 movement
401 1816 430 1843 in

233 1851 283 1878 the
303 1851 403 1878 whole

257 1886 353 1912 world
367 1897 372 1919 ;

180 1924 228 1948 for
248 1929 338 1956 every
359 1922 455 1956 point,

216 1956 365 1991 touching
384 1956 423 1983 its

227 1990 410 2025 neiglibour,

206 2026 309 2052 would
332 2033 423 2052 cause

218 2061 240 2088 it
260 2064 291 2086 to
312 2061 430 2095 change

244 2095 282 2122 its
304 2095 399 2129 place.

234 2130 291 2157 But
311 2130 372 2156 this
392 2130 418 2157 is

198 2165 327 2192 avoided
352 2165 390 2200 by
409 2166 459 2191 the

260 2200 391 2226 circular

211 2238 387 2261 mov-efflent
407 2234 442 2261 of

236 2270 285 2296 the
306 2270 409 2304 points

238 2304 407 2331 disturbed.

188 2338 291 2365 When
313 2347 328 2365 a
350 2343 437 2366 stone

189 2374 267 2407 falls,
289 2373 372 2400 there
392 2373 418 2400 is
439 2382 455 2400 a

258 2409 392 2435 circular

213 2447 387 2469 movement
408 2444 442 2470 of

209 2478 259 2504 the
280 2478 324 2504 air
345 2479 442 2505 round

249 2547 290 2574 So
311 2548 340 2573 in
361 2548 410 2574 the

213 2582 376 2608 ascension
399 2583 433 2609 of

190 2617 327 2650 glorilied
347 2617 462 2649 bodies,

201 2651 250 2677 the
272 2652 404 2687 rapidity
425 2653 459 2678 of

209 2691 385 2713 niovement
406 2687 440 2713 of

459 495 699 544 composito,
745 495 858 531 sicud
904 503 940 530 et
980 494 1123 540 forma,
1170 494 1202 530 si
1235 504 1366 531 essent
1399 507 1423 543 4
1457 495 1587 531 forma
1619 503 1776 531 extense

457 567 530 602 per
563 555 733 590 eandem
779 561 980 598 naturam,
1029 552 1231 601 singulum
1277 553 1440 590 illorum
1481 553 1774 589 elementorum

459 620 560 648 esset
593 611 816 659 singulum3
846 607 851 663 Ι
881 619 918 647 et
963 623 1053 647 curn
1088 610 1261 659 qualitas
1294 619 1363 647 aut
1396 610 1600 660 quantitas
1633 622 1704 659 per
1736 622 1776 647 se
1805 613 1925 647 B122b

459 670 670 706 existentes
704 670 898 706 haberent
930 668 1117 717 proprias
1151 668 1380 716 densitates,
1415 681 1486 717 per
1518 668 1622 705 idem
1649 668 1777 705 eciam

459 727 499 763 in
562 727 803 775 composito,
867 735 905 763 et
967 726 1023 763 sic
1076 735 1208 763 essent
1259 726 1397 763 omnia
1451 739 1624 775 corpora
1677 738 1778 775 eque

459 787 595 821 densa.

519 845 608 888 Quo
654 844 704 879 ad
749 843 987 889 secundum,
1042 843 1150 890 quod
1198 851 1256 878 est
1301 841 1422 879 michi
1466 843 1556 891 plus
1602 841 1778 887 difficile,

460 909 591 949 potest
614 900 692 937 dici
715 900 944 948 tripliciter:
979 899 1124 948 primo,
1150 901 1259 948 quod
1292 901 1421 937 celum
1456 902 1569 937 cedet
1602 899 1779 937 medium
1802 915 1840 936 10

461 958 685 1008 sublimari,
732 967 769 995 et
802 958 858 995 sic
893 971 1038 1006 corpus
1071 958 1333 995 sublimatum
1375 960 1609 995 ascenderet
1655 970 1781 1007 usque

462 1018 512 1053 ad
558 1016 780 1053 confinium
827 1016 983 1062 mundi;
1029 1025 1123 1052 tunc
1163 1017 1267 1053 cedit
1311 1029 1333 1053 a
1370 1017 1495 1053 latere
1534 1025 1571 1053 et
1604 1029 1686 1053 non
1721 1028 1781 1052 ex-

462 1075 663 1120 tumescit‚
689 1083 854 1123 propter
886 1083 1029 1111 nature
1062 1075 1242 1122 regulam
1266 1074 1521 1111 limitantem.
1547 1074 1782 1122 Philosophi

464 1141 598 1169 autem
632 1142 827 1181 ponentes
852 1133 1004 1168 nullum
1032 1145 1177 1181 corpus
1201 1141 1430 1169 extraneum
1457 1145 1546 1169 cum
1572 1132 1783 1170 celestibus

467 1190 737 1238 commisceri,
782 1200 939 1239 ponunt
984 1190 1175 1227 nimirum
1224 1192 1331 1239 quod
1372 1191 1501 1227 celum
1535 1204 1615 1228 non
1654 1190 1841 1239 potest15

467 1249 706 1285 condensari
738 1249 799 1285 vel
832 1248 1024 1294 rarefieri,
1059 1251 1127 1285 sed
1168 1249 1476 1285 fundamentum
1523 1258 1581 1285 est
1624 1248 1789 1294 falsum,-

468 1307 560 1343 licet
592 1307 842 1355 inexpertum
877 1306 927 1343 sit
961 1307 1043 1343 eius
1076 1307 1329 1356 oppositum3
1362 1319 1435 1343 nec
1467 1306 1625 1344 videtur
1659 1307 1785 1343 cessio

467 1365 540 1401 celi
575 1366 663 1414 plus
696 1377 922 1413 repugnare
955 1374 1097 1402 nature
1131 1378 1252 1413 quarn
1287 1364 1411 1401 cessio
1444 1364 1545 1413 ignis
1574 1366 1636 1402 vel
1669 1365 1786 1411 aeris,

468 1436 558 1459 cum
604 1423 695 1460 talis
741 1423 866 1460 cessio
911 1436 993 1459 non
1036 1423 1167 1471 arguit
1208 1422 1461 1461 densitatem.
1509 1424 1583 1460 Sed
1629 1423 1786 1460 videtur

468 1481 708 1529 generaliter
740 1482 848 1530 quod
882 1482 1038 1517 nullum
1073 1494 1218 1530 corpus
1252 1490 1383 1529 potest
1408 1481 1558 1517 moveri
1589 1481 1785 1528 localiter,
1803 1501 1845 1523 20

468 1539 543 1575 nisi
593 1541 643 1576 ad
688 1552 851 1576 omnem
896 1548 1091 1587 punctum
1145 1539 1284 1576 mundi
1337 1552 1429 1587 pars
1475 1539 1557 1576 eius
1602 1539 1787 1576 localiter

470 1607 716 1645 moveretur;
741 1597 835 1646 quia
859 1598 909 1634 da
933 1600 1041 1646 quod
1063 1611 1158 1645 non,
1183 1606 1221 1634 et
1253 1598 1362 1646 quod
1395 1606 1485 1645 post
1517 1597 1785 1646 quantitatem

469 1655 599 1692 tocius
634 1655 774 1692 mundi
821 1657 854 1691 A
887 1665 1061 1704 punctus
1094 1664 1271 1692 mutetur
1305 1657 1355 1692 ad
1400 1655 1519 1691 situm
1554 1655 1628 1692 sibi
1661 1655 1786 1691 inme-

470 1714 635 1759 diatum,
671 1727 762 1750 cum
797 1715 872 1750 hoc
906 1716 1012 1762 quod
1047 1714 1192 1763 aliquis
1225 1722 1397 1762 punctus
1425 1723 1585 1751 maneat
1608 1713 1787 1750 inmotus

470 1775 525 1819 (et
557 1784 656 1808 voco
690 1771 829 1808 omnia
862 1781 1013 1820 puncta
1047 1781 1180 1819 mota3
1214 1780 1375 1820 oportet
1409 1771 1515 1808 enim
1541 1784 1624 1808 esse
1649 1772 1844 1817 multa‚25

471 1843 563 1866 cum
615 1830 769 1866 nullum
822 1839 954 1878 potest
1006 1839 1235 1879 exspectare
1281 1829 1390 1866 aliud
1434 1830 1474 1866 in
1523 1831 1664 1866 eodem
1709 1829 1787 1866 situ

471 1888 649 1936 proprio)
688 1888 844 1924 videtur
877 1890 985 1937 quod
1023 1888 1232 1937 quodlibet
1265 1888 1431 1936 expellet
1465 1888 1705 1938 proximum,
1752 1896 1789 1924 et

472 1946 527 1982 sic
560 1959 640 1983 non
673 1946 896 1982 remanebit
930 1946 1083 1995 aliquid
1117 1946 1384 1994 inexpulsum.
1433 1946 1509 1982 Pro
1542 1946 1609 1982 illo
1643 1945 1790 1982 dicitur

473 2005 581 2052 quod
627 2004 832 2040 conclusio
880 2017 960 2041 non
1005 2004 1198 2053 sequitur.
1243 2006 1345 2040 Nam
1395 2012 1529 2040 motus
1582 2003 1790 2041 circularis

474 2063 600 2099 salvat
633 2062 743 2098 illam
777 2062 1039 2108 instancian];
1073 2071 1116 2098 ut
1138 2062 1329 2110 possibile
1353 2070 1409 2098 est
1429 2061 1648 2110 quemlibet
1663 2074 1789 2110 punc·
1808 2071 1849 2104 30

474 2129 559 2156 tum
594 2120 695 2156 vasis
740 2121 801 2157 vel
844 2121 923 2157 loci
957 2121 1039 2157 dati
1073 2120 1280 2157 circularis
1315 2128 1471 2156 mutare
1504 2120 1623 2156 situm
1658 2133 1789 2166 suum,

475 2191 555 2214 uno
600 2177 836 2227 insequente
882 2179 1081 2227 reliquum
1127 2178 1390 2226 circulariter,
1436 2191 1524 2214 cum
1574 2179 1650 2215 hoc
1683 2179 1791 2226 quod

475 2249 556 2272 non
590 2245 698 2272 extra
733 2238 869 2273 datum
905 2237 1040 2283 situm,
1075 2245 1269 2285 quantum
1304 2237 1355 2273 ad
1386 2237 1463 2272 hoc
1495 2236 1682 2286 pertinet,
1723 2236 1792 2272 fiat

476 2303 623 2330 motus.
658 2296 706 2330 Et
739 2294 833 2331 hinc
867 2296 987 2331 credo
1021 2297 1129 2344 quod
1163 2296 1213 2331 ad
1247 2303 1399 2331 motum
1449 2302 1603 2330 rectum
1648 2293 1792 2342 lapidis

475 2352 536 2388 vel
569 2352 734 2388 alterius
768 2352 1039 2389 concucientis
1073 2361 1262 2389 causatur
1294 2352 1334 2388 in
1368 2352 1500 2388 medio
1533 2360 1686 2388 tremor
1719 2351 1793 2388 cir-
1810 2358 1850 2392 35

479 2410 638 2456 cularis,
693 2410 795 2446 sicut
829 2410 868 2446 in
901 2411 1028 2447 tribus
1073 2411 1282 2447 elementis
1329 2409 1476 2446 nostris
1517 2418 1554 2446 et
1589 2409 1719 2446 mixtis
1752 2409 1793 2446 in

478 2468 532 2503 eis
578 2469 782 2504 concussis
822 2469 1064 2505 sensibiliter
1105 2478 1205 2505 esset
1245 2468 1399 2513 videre3
1446 2477 1483 2504 et
1516 2468 1547 2504 si
1580 2481 1661 2504 non
1695 2478 1794 2504 esset

478 2525 569 2561 talis
615 2526 848 2574 circulacio,
896 2536 1003 2563 moto
1037 2540 1117 2564 uno
1151 2526 1348 2573 localiter,
1393 2539 1514 2562 omne
1553 2538 1793 2574 corporeum

480 2592 720 2620 moveretur.
768 2587 850 2621 Nec
885 2594 942 2621 est
989 2585 1058 2631 vis,
1105 2598 1227 2633 quam
1275 2584 1457 2621 celeriter
1502 2583 1673 2620 circulus
1725 2595 1796 2632 per

479 2650 608 2677 totum
652 2651 873 2688 moveatur,
920 2652 963 2679 ut
1008 2644 1116 2691 quod
1167 2651 1300 2679 motus
1341 2642 1414 2678 celi
1456 2642 1494 2678 in
1526 2641 1596 2678 tali
1630 2653 1855 2690 ascensu4o

551 2845 577 2871 Γ).
594 2845 689 2884 pp'ns
712 2846 747 2879 ¹33
770 2846 806 2872 il».
830 2844 928 2872 desito*
950 2846 981 2872 B.
1075 2854 1107 2873 11.
1132 2836 1267 2873 sublsszm
1290 2846 1322 2871 Β.
1421 2853 1463 2871 22.
1487 2836 1563 2879 θιῃῗΒ
1579 2856 1609 2867 =
1625 2844 1797 2871 communi-

482 2903 618 2936 taleme)
642 2904 670 2929 13.
770 2902 815 2930 30.
838 2908 924 2930 sanat
947 2904 978 2930 Β,
1078 2903 1125 2938 39.
1146 2895 1205 2938 qffii
1227 2903 1258 2930 Β.
