2051 3327
229 250 278 299 76
951 256 1175 288 JOHANle
1201 255 1385 286 WYCLIF
1661 252 1749 281 CAP.
1768 252 1820 280 ix.

515 372 552 399 et
586 361 848 399 materiarum
884 373 1096 409 processus
1130 361 1170 396 in
1193 360 1411 406 infinitum,
1436 369 1473 397 et
1497 360 1821 409 ydemptificacio

514 421 819 463 elementorum,
852 432 941 455 cum
977 417 1281 455 communicant
1313 417 1354 454 in
1387 420 1526 454 eadem
1561 419 1730 456 materia
1760 420 1823 455 vel

514 477 692 514 essencia
725 476 930 525 singulari.
977 476 1168 525 Sequitur
1201 475 1320 522 enim⁷
1366 484 1409 512 ut
1455 489 1576 524 supra
1619 476 1819 524 tangitur:

510 536 583 571 ista
624 535 787 571 materia
822 542 876 571 est
912 535 958 570 de
989 535 1156 570 essencia
1196 534 1307 570 huius
1338 534 1441 585 ignis
1471 536 1523 579 (et
1546 533 1602 570 sic
1625 536 1672 571 de
1695 534 1821 571 tribus

510 593 675 641 reliquis
708 591 953 639 elementis):
1000 604 1097 643 ergo
1137 592 1333 642 singulum
1367 599 1422 628 est
1452 592 1650 642 singulum
1683 604 1821 629 eorun-

510 652 607 686 dem.
661 652 742 686 Nec
788 649 1004 687 evitabitur
1046 649 1143 698 quin
1187 649 1363 698 quelibet
1414 662 1506 698 pars
1552 649 1821 698 quantitativa

507 707 625 744 unius
658 707 846 744 elementi
880 707 996 744 huius
1020 707 1279 744 continuatur
1312 719 1401 744 cum
1436 707 1515 744 alia
1547 716 1661 756 parte
1693 720 1820 756 quan-

507 765 664 802 titativa
697 766 874 803 alterius,

247 822 465 891 phiig'ffiffless
566 825 751 860 Secunda
775 832 832 860 est
854 823 916 860 via
946 822 1144 871 posterius
1168 822 1551 871 philosophancium
1575 822 1644 871 qui
1666 831 1821 871 ponunt

233 891 321 918 think
340 892 404 918 that
424 891 475 917 the
507 882 662 917 nullum
697 882 939 918 elementum
981 880 1191 917 actualiter
1224 893 1307 917 esse
1340 881 1380 916 in
1414 880 1550 917 mixto.
1597 882 1673 917 Sed
1707 890 1821 929 quot-

231 926 474 988 Hffiffifflsssssssdo
508 948 606 987 quot
646 949 833 976 auctores
875 948 912 975 et
956 938 1139 975 raciones
1186 940 1235 974 ad
1281 939 1359 978 ,hoc
1403 947 1637 989 sonuerunt,
1682 952 1821 975 omnes

251 995 465 1065 asgffiafffffagflt
508 997 759 1034 sentenciant
812 998 921 1045 quod
975 995 1264 1044 disposiciones
1312 1004 1349 1032 et
1401 995 1630 1044 qualitates,
1683 997 1821 1045 quales

384 1051 390 1063 ,

235 1073 288 1100 say
308 1065 371 1092 that
391 1064 470 1091 their
508 1056 726 1091 secundum
782 1055 956 1103 speciem
1001 1063 1093 1091 nate
1135 1062 1227 1090 sunt
1273 1054 1463 1102 consequi
1508 1055 1717 1100 elementa,
1763 1067 1822 1091 re-

217 1101 491 1169 anglgiicsiiittisssndo.
507 1112 744 1161 linquuntur
775 1112 816 1149 in
849 1112 998 1149 mixtis:
1032 1113 1154 1160 quod,
1189 1124 1278 1147 cum
1310 1112 1360 1148 sit
1391 1124 1543 1158 verum,
1578 1125 1658 1148 non
1692 1112 1823 1160 arguit

248 1181 306 1208 But
326 1182 382 1215 nst,
403 1181 464 1208 this
510 1172 618 1218 quod
651 1171 895 1207 elementum
920 1169 1083 1218 aliquod
1116 1169 1166 1205 sit
1198 1170 1239 1206 in
1272 1169 1395 1206 mixto
1419 1169 1643 1207 actualiter.
1669 1171 1821 1207 Contra

233 1220 475 1278 Ῑῇῖζοάηέξῇξζοῐξ
507 1228 624 1264 istam
649 1229 894 1265 sentenciam
918 1228 1075 1264 videtur
1098 1227 1418 1276 descripcionem
1444 1227 1607 1264 termini
1632 1227 1819 1265 militare.

224 1286 325 1347 332¹ss
339 1286 486 1348 etiaefflintie
509 1288 609 1322 Nam
643 1287 899 1332 elementum,
920 1294 962 1322 ut
995 1285 1238 1331 huiusmodi,
1265 1294 1322 1322 est
1346 1298 1466 1322 causa
1499 1285 1717 1322 intrinseca
1750 1286 1820 1330 rei,

250 1356 301 1382 the
321 1355 463 1382 intrinsic
506 1356 578 1380 nec
612 1357 703 1392 pars
737 1344 985 1393 qualitativa,
1019 1353 1062 1380 ut
1086 1342 1246 1391 exponit
1275 1352 1541 1390 comentator,
1572 1343 1703 1391 primo
1735 1343 1822 1392 phi-

219 1390 490 1460 cgssupsgugiijlaend
507 1401 684 1438 sicorum
718 1410 756 1438 et
788 1414 810 1451 3
846 1403 894 1438 de
927 1402 1012 1438 celo
1038 1402 1073 1439 6.
1101 1414 1137 1450 9.
1162 1401 1286 1438 Aliter
1319 1401 1425 1437 enirn
1460 1401 1659 1438 diceretur
1691 1402 1820 1439 celum

221 1461 487 1530 qggltitffifggffiaam
509 1472 609 1508 eque
642 1460 883 1496 elementum
918 1459 1031 1496 sicud
1065 1459 1227 1508 aliquod
1266 1472 1482 1507 corporum
1517 1472 1541 1508 4
1575 1459 1821 1508 simplicium

313 1529 348 1557 of
363 1529 395 1556 it.
509 1518 811 1563 sublunarium;
857 1530 930 1554 nec
963 1529 1137 1565 congrue
1169 1526 1381 1554 vocaretur
1419 1516 1520 1565 lapis
1553 1526 1622 1554 aut
1667 1517 1820 1566 lignum

251 1564 463 1633 Sffiffiefjsjssa
510 1588 655 1624 corpus
698 1575 878 1621 mixtum,
932 1588 1021 1612 cum
1068 1576 1242 1611 habeant
1306 1575 1517 1612 materiam
1565 1575 1739 1623 primam
1784 1584 1822 1612 et

265 1642 448 1696 ἓῗζξδδῒῑηΰῖῡίΰό
510 1634 680 1670 formam
715 1633 1000 1682 simpliciorem
1037 1646 1158 1682 quarn
1182 1633 1347 1682 aliquod
1371 1634 1625 1670 elementum.
1651 1633 1691 1670 Si
1714 1633 1820 1670 enirn

225 1704 275 1731 the
296 1704 488 1738 compound,
510 1705 591 1728 non
625 1691 673 1728 sit
705 1692 868 1740 aliquod
903 1692 1082 1738 mixtum,
1129 1699 1186 1728 est
1229 1692 1324 1728 dare
1371 1691 1438 1727 illa
1479 1703 1521 1727 ex
1554 1691 1698 1739 quibus
1732 1691 1823 1727 mis-

219 1739 681 1807 ΟἶῩῇξῙξιξῐξὶἓῗζξςπαπαῖ,
735 1751 891 1798 Corpus
944 1749 1065 1797 igitur
1109 1749 1283 1785 hominis
1327 1761 1409 1785 non
1455 1748 1701 1795 misceretur,
1747 1749 1820 1785 nisi

221 1808 496 1870 hffivssemnqgtrvgffikdd
513 1808 614 1844 forte
659 1820 703 1844 ex
747 1807 883 1844 anima
923 1806 1156 1844 indivisibili
1191 1816 1228 1843 et
1262 1807 1442 1855 partibus
1476 1806 1642 1843 materie
1674 1807 1823 1855 prime3

257 1878 337 1905 form
359 1878 457 1911 alone,
514 1874 551 1902 et
588 1865 644 1902 sic
683 1866 852 1902 materia
891 1865 1027 1913 prima
1065 1866 1168 1902 foret
1201 1878 1309 1911 caro,
1356 1878 1413 1910 os,
1458 1877 1615 1911 nervus,
1662 1873 1734 1902 etc.
1781 1873 1825 1901 ut

251 1913 473 1984 bottlilassffssgser
513 1923 612 1960 alias
656 1923 797 1960 diffuse
842 1932 1077 1972 prosecutus
1121 1937 1223 1959 sum.
1267 1924 1414 1959 Ymmo
1459 1931 1565 1959 terra
1611 1936 1725 1971 pura,
1764 1923 1825 1959 vel

258 1984 461 2045 Ti‘ignlifissrihn
515 1981 682 2030 aliquod
726 1982 984 2028 elementum⁷
1031 1981 1344 2030 quamtumlibet
1388 1980 1546 2017 modice
1590 1981 1821 2026 alteratum,

231 2053 312 2088 body
332 2053 435 2079 would
459 2053 494 2079 be
514 2039 615 2075 foret
648 2052 793 2087 corpus
828 2039 1009 2085 mixtum,
1039 2048 1075 2076 et
1109 2038 1379 2087 composicius
1411 2051 1532 2087 quam
1566 2038 1701 2087 aliqua
1733 2051 1826 2087 pars

231 2087 493 2156 corgpsssrzizpngnly
515 2097 782 2145 quantitativa
805 2097 997 2134 hominis:
1022 2099 1131 2146 quod
1164 2106 1201 2133 et
1233 2105 1546 2145 componeretur
1578 2109 1622 2133 ex
1656 2096 1824 2133 materia

244 2156 431 2197 matter-and
453 2164 489 2183 an
516 2155 690 2191 hominis
707 2164 743 2191 et
766 2155 908 2200 forma,
940 2164 977 2191 et
1000 2157 1164 2192 haberet
1188 2155 1401 2204 qualitates
1427 2154 1662 2201 contrarias,
1687 2155 1825 2203 quales

266 2191 441 2260 mdgxgusfple
516 2214 737 2249 secundum
783 2213 957 2261 speciem
1004 2222 1096 2250 nate
1141 2222 1232 2250 sunt
1278 2212 1468 2261 consequi
1515 2213 1725 2249 elementa.
1778 2214 1827 2248 Et

517 2271 732 2319 utrobique
777 2280 834 2307 est
887 2271 1101 2319 generacio
1148 2270 1368 2319 reciproca.
1416 2270 1533 2306 Nulla
1579 2270 1827 2318 ergo.foret

517 2341 637 2365 causa
670 2328 745 2365 nisi
779 2329 872 2365 ficta
905 2328 1140 2377 simplicitas
1172 2329 1263 2366 talis
1297 2328 1477 2376 corporis
1509 2341 1630 2376 supra
1653 2340 1828 2365 carnem.

246 2387 477 2456 ᾒὲῐῇὲὲῡέοὲἣγῡ
516 2389 565 2422 Et
598 2399 687 2422 cum
722 2399 828 2432 caro,
861 2400 918 2431 os,
951 2399 1107 2430 nervus,
1140 2396 1231 2424 sunt
1254 2387 1430 2423 eiusdem
1456 2386 1603 2434 speciei
1626 2385 1830 2434 specialis-

231 2466 269 2496 ,ευ
289 2443 492 2495 complicato&
517 2444 630 2490 sime,
664 2444 757 2493 quia
792 2444 999 2493 quodlibet
1032 2445 1193 2481 illorum
1229 2444 1398 2481 materia
1430 2444 1561 2493 prima
1593 2443 1678 2481 sine
1699 2444 1829 2480 forma

229 2501 258 2519 ¹¹³
281 2492 384 2553 {3232}
400 2496 495 2552 parts,
517 2502 776 2539 substanciali
809 2502 1032 2539 formaliter
1065 2511 1347 2551 componente,
1371 2502 1551 2551 sequitur
1568 2503 1675 2550 quod
1699 2510 1827 2538 toturn

256 2561 382 2595 simplos
403 2561 476 2587 1¹¹³ss
519 2573 663 2608 corpus
697 2560 883 2607 hominis,
929 2562 1037 2609 quod
1071 2570 1127 2598 est
1159 2560 1429 2609 composicius
1461 2560 1566 2596 inter
1600 2560 1734 2607 mixta,
1779 2559 1829 2595 sit

265 2604 301 2622 an
323 2596 462 2622 clement.
541 2618 548 2623 .
644 2618 650 2624 .
683 2618 689 2623 .

520 2619 741 2666 slmpllcius
775 2619 988 2655 elemento.

592 2843 628 2872 13.
651 2844 690 2872 sui
715 2843 771 2872 [ΓΜ
795 2845 826 2872 Β.
920 2854 959 2878 14.
981 2845 1020 2872 sit
1041 2853 1109 2872 cum
1132 2845 1192 2872 vm*
1214 2845 1235 2871 Β
1321 2852 1359 2871 21.
1381 2844 1538 2871 sublunari
1560 2844 1593 2872 B.
1674 2852 1718 2879 27.
1741 2844 1830 2871 v'mis

522 2881 679 2907 :vermis
702 2880 733 2906 B.
827 2879 870 2907 35.
895 2889 952 2907 non
975 2881 1007 2907 B.
1097 2879 1145 2907 305.
1167 2880 1255 2907 u'uus
1278 2879 1310 2906 Β.

1842 893 1880 913 10

1844 1172 1879 1203 15

1839 1473 1880 1494 20

1840 1754 1880 1786 25

1842 2039 1883 2071 30

1844 2332 1884 2365 35

1842 2632 1888 2662 40
