2051 3327
240 267 284 292 12

259 784 352 812 Some
374 783 480 810 bodies

256 826 306 845 are
326 817 436 845 moved
459 825 492 844 as

256 853 384 886 wholes,
406 860 492 879 some

254 895 285 914 as
306 886 438 921 subjects
458 887 490 914 of

284 925 468 956 movement,

256 964 341 983 some
361 964 393 983 as
415 960 499 990 parts

283 991 317 1018 of
336 991 462 1018 wholes.

241 1059 380 1096 Nothing
399 1068 454 1087 can
476 1061 511 1088 be

250 1095 359 1122 moved
380 1096 499 1131 locally,

274 1130 376 1157 unless
398 1130 419 1157 it
441 1131 476 1157 be

291 1164 400 1192 moved
423 1165 463 1200 by

240 1199 414 1234 something
434 1201 503 1227 else.

265 1233 289 1260 [t
310 1234 335 1260 is
356 1234 452 1262 either
472 1243 488 1262 a

279 1268 360 1304 body
380 1277 415 1296 or
434 1277 471 1296 an

290 1303 467 1331 indivisible

321 1339 424 1373 being;

267 1373 292 1400 if
309 1374 357 1400 the
378 1374 443 1401 first
463 1373 485 1400 it

302 1408 328 1435 is
349 1408 444 1435 either

270 1443 379 1470 moved
401 1443 482 1470 from

276 1478 416 1511 without,
437 1486 472 1505 or

282 1512 361 1540 from
384 1521 470 1539 some

266 1552 332 1581 part
353 1548 388 1575 of
404 1548 487 1575 itself

273 1582 374 1609 which
397 1582 480 1609 itself

256 1617 391 1651 requires
414 1621 445 1644 to
467 1617 501 1644 be

294 1651 404 1679 moved
427 1652 466 1687 by

242 1686 418 1722 something
438 1687 506 1713 else.

258 1721 287 1748 If
302 1721 352 1748 the
375 1721 487 1748 second

276 1755 296 1782 it
315 1756 341 1783 is
362 1756 471 1783 moved

289 1790 407 1825 against
427 1799 462 1818 or

330 1825 434 1852 beside

270 1860 490 1899 orUaccording

266 1899 295 1921 to
316 1899 354 1922 1ts
375 1899 493 1922 nature.

276 1928 355 1956 This
377 1937 487 1963 proves

256 1964 319 1991 that
340 1964 423 1991 there
443 1964 469 1991 is
490 1972 505 1990 a

277 1998 359 2025 First
378 1999 484 2026 Mover

267 2034 301 2061 ot*
318 2034 355 2061 all
377 2034 492 2069 thingS,

279 2068 475 2102 motionless,

287 2103 473 2137 indivisible,

318 2138 442 2165 eternal.

307 2172 374 2199 The
397 2173 452 2208 sky

280 2215 397 2240 moves,
418 2207 476 2234 and

290 2242 312 2268 it
331 2241 357 2269 is
377 2242 474 2269 finite:

307 2276 378 2304 both
400 2285 451 2304 are

257 2311 371 2338 certain
391 2312 499 2339 truths.

267 2345 334 2372 The
355 2347 495 2381 superior

280 2385 364 2415 parts
384 2381 418 2408 of
435 2381 484 2408 the

247 2417 302 2450 sky
322 2424 412 2443 move
431 2416 518 2442 those

288 2451 396 2489 below,
418 2450 476 2477 and

247 2490 297 2512 not
317 2493 381 2512 vice
402 2493 500 2512 versa.

949 260 1173 292 JOHANNIS
1199 260 1386 292 WYCLIF
1667 257 1757 286 CAP.
1778 258 1830 286 IX.

521 367 645 415 surgit
677 375 767 415 post
800 366 989 415 quietern,
1035 365 1137 402 sicut
1171 365 1265 402 facit
1296 365 1422 402 bestia
1456 378 1683 402 memorans
1715 366 1831 403 obliti

520 423 857 473 sempiternaliter
878 423 1141 460 immutantis.
1179 425 1346 471 Semper
1373 432 1509 460 tamen
1542 425 1591 460 ab
1617 423 1832 460 influencia

522 482 594 520 celi
626 483 686 519 vel
718 482 796 518 alio
828 481 1167 529 sempiternaliter
1190 490 1373 519 movente
1398 490 1608 518 moventur
1626 481 1834 518 mutabilia

520 549 635 585 nota;
680 548 723 576 ut
755 548 864 588 patet
903 541 950 576 de
984 539 1104 575 motis
1137 541 1185 575 ad
1219 540 1494 587 generandum
1527 539 1601 575 sibi
1634 538 1763 576 simile
1794 539 1834 575 in

522 607 631 635 certo
665 607 849 645 tempore
881 596 989 643 anni,
1034 597 1094 633 vel
1126 596 1461 646 prosequentibus
1502 596 1736 634 delectabile
1768 605 1836 634 aut

522 655 764 704 fugientibus
787 654 996 691 tristabile.
1031 657 1163 691 Homo
1187 664 1334 701 autern,
1370 667 1459 691 cum
1484 654 1620 691 anima
1652 667 1722 691 sua
1754 667 1836 691 non

524 714 703 750 subiacet
747 712 986 749 necessitata
1020 712 1194 749 motibus
1234 721 1447 757 astrorum,
1500 721 1632 760 potest
1679 724 1837 749 movere

524 784 565 808 se
598 770 779 808 localiter
812 779 952 807 contra
981 770 1288 807 inclinacionem
1324 770 1545 808 extrinseci.
1580 771 1674 807 Ideo
1707 771 1835 806 celum

525 839 562 866 et
595 830 716 865 homo
749 829 924 877 perfecte
957 837 1123 876 possunt
1156 828 1306 865 moveri
1340 840 1383 865 ex
1416 840 1469 867 εθ.
1503 830 1551 864 Et
1585 829 1837 865 movencium

525 900 564 925 se
598 888 771 936 quedam
798 895 1008 923 moventur
1041 890 1098 922 zm
1131 898 1172 923 se
1204 895 1302 933 tota,
1336 887 1508 934 quedam
1535 894 1627 922 sunt
1659 885 1839 922 subiecta

526 945 657 994 prima
691 953 836 989 motus,
872 953 910 981 et
942 946 1114 993 quedam
1151 948 1208 980 ‘zm
1242 953 1412 993 partem,
1446 952 1489 980 ut
1524 952 1632 981 mota
1665 956 1838 992 quorum

526 1012 658 1052 partes
691 1002 913 1051 quiescunt.

585 1063 640 1097 Ex
671 1060 756 1097 istis
790 1060 1053 1097 divisionibus
1087 1061 1187 1096 bene
1225 1059 1376 1096 notatis
1408 1069 1518 1108 patet
1551 1060 1659 1109 quod
1692 1059 1841 1107 impos-

525 1118 637 1155 sibile
671 1127 726 1155 est
759 1118 975 1167 quicquam
1011 1117 1161 1154 moveri
1190 1117 1384 1163 localiter,
1417 1118 1494 1154 nisi
1526 1119 1575 1154 ab
1608 1117 1687 1154 alio
1712 1129 1843 1154 move-

527 1186 631 1217 atur.
678 1176 718 1213 Si
752 1176 857 1213 enirn
890 1176 940 1212 sit
973 1188 1118 1224 corpus
1151 1176 1260 1224 quod
1300 1184 1495 1222 movetur,
1541 1185 1635 1212 tunc
1666 1176 1727 1212 vel
1761 1187 1843 1211 mo->

526 1244 639 1272 vetur
671 1236 719 1271 ab
766 1234 987 1270 extrinseco
1032 1242 1070 1270 et
1100 1233 1156 1270 sic
1195 1235 1243 1270 ab
1277 1233 1374 1278 alio;
1427 1234 1488 1270 vel
1540 1246 1561 1270 a
1606 1242 1717 1282 parte
1762 1232 1844 1269 eius

529 1301 650 1338 mota,
685 1305 774 1328 cum
799 1291 1046 1340 impossibile
1069 1300 1126 1328 est
1147 1291 1305 1339 signare
1339 1299 1468 1328 totum
1504 1291 1652 1328 mobile
1676 1299 1844 1335 motum,

527 1350 602 1387 nisi
637 1363 728 1399 pars
762 1349 844 1387 eius
888 1362 959 1398 per
1007 1362 1122 1385 suum
1159 1358 1311 1386 motum
1359 1349 1477 1386 faciat
1510 1358 1637 1385 totum
1682 1347 1843 1395 moveri,

528 1422 574 1446 eo
608 1410 715 1457 quod
763 1407 854 1445 talis
887 1420 979 1457 pars
1013 1407 1214 1444 sufficeret
1247 1420 1317 1455 per
1350 1419 1389 1444 εθ
1423 1407 1684 1444 denominare
1716 1415 1845 1443 toturn

528 1466 693 1512 moveri,
740 1475 777 1502 et
820 1479 901 1502 non
944 1474 1022 1502 stat
1067 1464 1179 1501 illum
1214 1464 1432 1513 parcialem
1469 1474 1620 1502 motum
1662 1463 1844 1511 subduci,

527 1524 602 1561 nisi
650 1525 709 1560 vel
741 1533 870 1560 totum
905 1537 986 1560 non
1020 1532 1232 1560 moveatur
1274 1524 1335 1559 vel
1368 1523 1446 1560 alio
1480 1532 1592 1560 motu
1628 1531 1845 1559 moveatur.

528 1585 622 1619 Ideo
669 1590 820 1619 certum
872 1591 929 1618 est
984 1582 1092 1630 quod
1140 1590 1270 1617 motus
1315 1581 1404 1618 talis
1444 1578 1601 1633 partis}
1631 1589 1688 1617 est
1727 1592 1847 1617 causa

528 1653 651 1690 quare
681 1649 807 1676 totum
837 1649 1032 1685 movetur,
1068 1648 1104 1676 et
1137 1651 1207 1687 per
1230 1651 1478 1688 consequens
1501 1647 1631 1676 totum
1666 1646 1847 1675 movetur

529 1701 577 1736 ab
611 1698 704 1736 alio.
739 1698 779 1734 Si
813 1707 947 1734 autem
973 1696 1212 1733 indivisibile
1247 1706 1467 1743 moveatur,
1501 1697 1561 1733 vel
1583 1696 1756 1733 violente
1781 1704 1848 1732 aut

529 1769 598 1805 per
631 1755 816 1793 accidens
849 1755 1074 1792 movebitur
1108 1760 1159 1797 (et
1192 1754 1247 1791 sic
1280 1757 1328 1792 ab
1365 1754 1473 1801 alio),
1505 1755 1566 1792 vel
1599 1767 1642 1791 ex
1674 1753 1848 1790 naturali

530 1813 810 1860 inclinacione‚
836 1822 872 1850 et
896 1826 966 1862 per
989 1825 1236 1861 consequens
1259 1813 1392 1861 gracia
1416 1812 1584 1849 alicuius
1607 1811 1709 1859 finis,
1734 1820 1771 1848 et
1794 1811 1849 1847 sic

531 1875 579 1910 ab
613 1872 704 1909 alio.

589 1932 637 1967 Et
678 1943 720 1967 ex
772 1929 871 1975 istis,
926 1941 1014 1965 cum
1050 1928 1188 1977 paucis
1233 1928 1439 1971 addendis,
1486 1927 1672 1965 concludi
1717 1935 1849 1975 potest

532 1989 638 2037 quod
673 1997 730 2025 est
774 1989 869 2024 dare
901 1986 1076 2036 primum
1119 1995 1316 2023 motorem
1361 1985 1627 2032 immobilem,
1671 1984 1848 2022 indivisi-

532 2047 666 2092 bilem,
707 2055 744 2082 et
788 2054 983 2082 eternum.
1030 2045 1348 2093 Supponendum
1395 2043 1501 2080 enim
1542 2053 1599 2080 est
1643 2055 1687 2079 ex
1730 2055 1847 2079 sensu

533 2117 703 2153 corpora
744 2103 903 2141 celestia
949 2102 1098 2139 moveri
1143 2101 1337 2148 localiter,
1390 2111 1433 2138 ut
1471 2109 1580 2150 patet
1625 2102 1672 2138 de
1717 2100 1846 2138 astris.

535 2166 578 2198 20
611 2170 865 2211 supponatur
899 2161 1033 2210 [quod]
1083 2169 1212 2197 totum
1247 2169 1479 2208 agregatum
1514 2172 1730 2207 corporum
1766 2171 1849 2195 mo-

535 2230 680 2266 torum,
729 2219 832 2256 sicut
877 2228 913 2256 et
946 2227 1053 2255 totus
1100 2219 1273 2254 mundus
1317 2218 1367 2254 sit
1411 2226 1619 2254 causatum
1669 2216 1847 2263 finitum3

534 2278 640 2328 quia,
674 2278 705 2314 si
739 2286 841 2314 esset
873 2277 1090 2326 infinitum,
1124 2276 1247 2312 nichil
1270 2284 1401 2324 potest
1433 2276 1649 2312 ascendere
1672 2275 1731 2311 vel
1764 2275 1849 2310 des-

1860 899 1897 921 10

1863 1177 1899 1210 15

1873 1582 1899 1613 B
1915 1580 1992 1615 103b

1865 1754 1904 1787 25

534 2338 716 2383 cendere,
760 2348 850 2372 cum
888 2348 970 2371 non
1014 2343 1115 2371 esset
1158 2333 1293 2383 aliqua
1326 2333 1557 2370 differencia
1596 2332 1672 2369 loci
1710 2345 1849 2380 supra·
1865 2335 1905 2368 35

534 2394 655 2432 dicta.
701 2395 850 2430 Omnes
890 2392 995 2429 enirn
1029 2392 1095 2428 ille
1128 2391 1359 2428 differencie
1391 2399 1624 2439 supponunt
1657 2390 1848 2426 medium.

534 2454 641 2488 Istud
686 2460 796 2499 patet
841 2453 888 2487 de
933 2463 1050 2498 spera
1096 2449 1418 2498 corruptibilium
1467 2457 1577 2485 mota
1610 2461 1632 2485 a
1664 2448 1763 2494 celo,
1812 2455 1849 2483 et

535 2511 583 2546 de
628 2518 740 2557 parte
774 2509 848 2546 celi
893 2507 1072 2544 inferiori
1119 2516 1227 2544 mota
1272 2508 1320 2543 ab
1354 2507 1437 2543 eius
1484 2515 1597 2554 parte
1636 2504 1848 2554 superiori,

536 2576 572 2604 et
604 2580 686 2603 non
720 2575 903 2613 econtra3
946 2566 1040 2615 quia
1073 2574 1167 2602 tunc
1202 2573 1429 2601 moveretur
1468 2565 1597 2600 celum
1630 2564 1744 2600 valde
1777 2562 1849 2598 dif-

535 2625 716 2662 formiter
749 2638 828 2673 quo
861 2626 910 2661 ad
943 2633 1101 2672 tempus
1134 2632 1297 2672 propter
1327 2622 1596 2659 diversitatem
1630 2629 1907 2667 motorum‚4o

536 2692 572 2719 et
606 2692 706 2719 esset
741 2691 879 2718 mutua
913 2681 1185 2730 dependencia
1218 2681 1257 2717 in
1291 2681 1431 2717 eodem
1467 2691 1610 2728 genere
1643 2677 1847 2724 causandi,

606 2904 630 2926 2.
652 2889 736 2931 sffiiar
753 2883 876 2923 Tffi’uz'e'
894 2896 925 2924 Β,
1017 2895 1042 2923 3.
1069 2888 1155 2931 spffar
1180 2895 1212 2923 B.
1303 2894 1348 2924 30.
1370 2877 1411 2924 eiiL
1426 2894 1458 2923 Β.
1541 2892 1583 2921 32.
1604 2892 1685 2929 quod
1708 2893 1791 2920 deest
1811 2892 1844 2920 B.
