2051 3327
220 256 239 281 2
941 249 1168 281 JOHANNIS
1193 249 1379 280 WYCLIF
1655 246 1745 274 CAP.
1765 246 1816 273 IX.

226 364 393 396 astraignt
414 363 484 397 line,
507 356 723 393 naturales.
791 354 917 391 Aliter
969 354 1073 391 enim
1125 367 1207 390 non
1259 363 1361 391 esset
1415 356 1589 391 mundus
1642 355 1819 403 capacis-

244 398 465 468 innorshcgissqugclil
508 414 631 450 simus
665 421 701 449 et
737 411 1140 449 convenientissimus
1169 412 1209 448 in
1248 412 1387 460 figura.
1427 414 1475 448 Et
1509 425 1551 449 ex
1581 412 1658 449 illis
1692 413 1820 461 sequi-

263 467 447 537 iniiiisstiisbly
508 481 572 508 tur
605 470 774 507 situacio
816 469 955 506 mundi
995 478 1032 506 et
1077 469 1160 506 eius
1206 469 1383 508 dui-acio.
1431 471 1544 507 Unde
1573 470 1820 517 Aristoteles,

235 537 409 571 dependent
429 544 467 562 on
509 529 724 565 nominans
741 527 986 577 quantitates
1003 527 1227 574 continuas,
1251 527 1433 564 nominat
1449 527 1600 576 species
1623 541 1694 576 per
1716 528 1821 564 ordi-

253 571 304 632 Ἓξ-
324 571 454 632 {ffonsssbff
510 599 600 624 nem
636 598 676 622 se
710 587 915 631 habentes,
950 594 993 621 ut
1024 585 1187 630 lineam,
1221 585 1475 633 superficiem
1511 594 1548 622 et
1581 598 1745 634 corpus3
1786 587 1855 622 et5

510 653 643 693 preter
676 645 751 680 hoc
786 644 916 680 locum
953 652 990 679 et
1023 652 1196 691 tempus,
1251 656 1422 692 quorum
1459 643 1642 680 omnium
1675 643 1823 692 princi-

510 702 620 751 pium
657 711 713 738 est
744 710 937 749 punctus3
972 709 1008 737 et
1042 701 1174 737 unitas
1207 710 1263 738 est
1296 701 1539 749 principium
1573 701 1724 750 puncti.
1776 704 1824 737 Et

509 769 591 796 tam
637 758 862 795 necessario
901 759 1161 807 consequitur
1198 759 1309 796 locus
1344 758 1553 796 materiam
1599 761 1707 807 quod
1740 759 1824 795 ubi-

254 827 317 855 Site
338 826 460 853 follows
511 830 671 865 cunque
703 816 823 853 fuerit
857 816 932 853 ista
966 816 1140 853 maxima
1174 817 1342 853 materia
1377 816 1529 863 mundi,
1570 816 1622 853 ibi
1663 826 1720 853 est
1753 816 1825 853 iste

232 861 483 923 Πζῗῖἓξζῖεζῖξξρ
510 877 631 912 locus.
683 874 749 911 Sic
794 876 915 923 quod,
961 874 991 910 si
1027 883 1255 911 moveretur
1287 884 1391 911 recte
1444 875 1530 923 (per
1563 874 1825 923 impossibile)
1848 889 1884 909 10

222 928 494 992 ῑκῑίγῑῑῗέὃῧῧῖξξεᾞξ
512 933 551 969 in
583 946 709 969 vacuo
753 932 923 977 infinito,
970 932 1069 969 foret
1115 932 1305 969 continue
1348 932 1454 969 idem
1481 932 1600 985 situs,
1654 946 1742 969 cum
1777 934 1826 969 ad

332 987 338 999 7
474 984 480 989 “
513 991 520 997 0

221 1001 271 1027 the
295 1007 378 1027 same
399 999 494 1033 place.
512 990 879 1027 individuacionem
900 990 1005 1026 illius
1029 990 1127 1027 situs
1150 990 1297 1027 sufficit
1321 990 1497 1027 extensio
1521 990 1625 1027 illius
1649 990 1827 1029 materie.

512 1051 645 1086 Manet
678 1057 812 1084 autem
854 1048 1082 1085 necessario
1114 1048 1188 1085 ista
1224 1048 1404 1095 materia,
1450 1048 1524 1085 etsi
1558 1048 1710 1085 infinite
1743 1048 1828 1085 eius

511 1116 645 1155 partes
669 1115 997 1154 corrumpantur3
1043 1106 1137 1155 quia
1183 1115 1341 1154 oportet
1374 1106 1461 1143 illas
1498 1106 1724 1143 continuari
1757 1106 1828 1143 ali-

512 1166 617 1201 unde
651 1177 741 1201 cum
775 1164 934 1201 residuo
968 1164 1084 1200 huius
1119 1164 1296 1200 materie.
1848 1170 1887 1203 15

247 1231 314 1259 The
336 1228 466 1269 pointis
571 1224 619 1259 Et
651 1221 720 1268 sic,
754 1222 937 1270 quamvis
960 1222 1111 1270 species
1144 1222 1243 1258 situs
1277 1222 1476 1270 punctalis
1509 1221 1559 1259 sit
1582 1222 1827 1271 principium

247 1264 468 1327 ῐὴζῒρᾷζῖζξὲξῐε
514 1279 739 1328 integrandi
771 1293 933 1317 omnem
957 1280 1077 1317 situm
1112 1279 1365 1325 divisibilem,
1399 1289 1592 1328 tanquam
1619 1280 1828 1316 minimum

241 1335 481 1403 ξὲζῑξξὲὲξῆᾗξξ
517 1346 688 1375 metrum
734 1337 839 1374 illius
884 1338 1053 1387 generis,
1099 1347 1236 1375 tamen
1268 1337 1404 1375 totalis
1451 1337 1550 1375 situs
1597 1338 1734 1374 mundi
1774 1346 1831 1374 est

260 1406 314 1444 blut
333 1405 396 1431 that
418 1403 457 1438 by
515 1396 630 1433 nobis
665 1408 853 1433 mensura
899 1396 1169 1445 cognoscendi
1202 1395 1300 1433 alios
1333 1396 1433 1432 situs
1465 1396 1742 1444 particulares,
1796 1404 1833 1432 et

223 1438 628 1509 Wfflgge‘ggsffffiwprior
660 1454 700 1490 in
734 1454 988 1502 perfeccione
1034 1463 1070 1491 et
1103 1454 1332 1491 intencione
1371 1463 1525 1500 nature,
1573 1467 1663 1491 cum
1697 1453 1833 1502 gracia
1850 1469 1892 1490 20

230 1507 621 1572 wsli'glceeinitsetiltwo'iffius
656 1511 754 1549 situs
787 1525 906 1561 quem
940 1512 1219 1561 principaliter
1255 1511 1439 1559 intendit,
1486 1511 1646 1549 ordinat
1690 1520 1833 1548 natura

275 1581 325 1618 the
345 1577 454 1605 world.
517 1579 636 1607 situm
671 1569 953 1607 indivisibilem
999 1570 1152 1607 tociens
1186 1570 1445 1618 multiplicari
1486 1573 1543 1606 2m
1578 1570 1661 1606 eius
1694 1569 1834 1606 indivi—

255 1612 467 1676 lthzigestlvfflled
517 1629 608 1665 dua.
655 1627 696 1664 Si
730 1640 824 1677 ergo
871 1629 1045 1665 mundus
1078 1629 1198 1665 habet
1236 1630 1286 1665 ad
1319 1640 1480 1665 omnem
1522 1627 1606 1664 eius
1638 1636 1833 1676 punctum

228 1682 492 1754 Ρωῖζὲοῑξὲῃξξῇξοὴ
517 1694 650 1734 partes
682 1685 907 1733 inmobiles,
961 1686 1139 1731 subtiles,
1194 1686 1436 1723 comitanter
1486 1686 1536 1722 ad
1581 1686 1755 1734 speciem
1787 1682 1836 1721 'in

314 1739 321 1752 ⁷

252 1753 278 1781 is
298 1751 403 1780 united
424 1751 474 1778 the
517 1743 696 1790 animali,
751 1757 840 1781 cum
885 1744 1030 1793 quibus
1075 1745 1288 1793 copulatur
1319 1743 1444 1781 virtus
1485 1743 1622 1780 mundi
1656 1743 1893 1792 regitiva,25

231 1786 500 1854 Γωίξῗξζᾷὴοεῇἀ,
517 1814 595 1850 que
627 1801 722 1838 facit
754 1801 1071 1840 informaciones
1103 1802 1325 1839 vivencium
1370 1811 1407 1839 et
1440 1801 1517 1839 alia
1557 1813 1680 1850 opera
1712 1802 1838 1838 laten-

227 1857 502 1926 ittobffisgffileguffssfiy
517 1859 597 1905 cia;
631 1868 725 1896 tunc
754 1860 869 1897 facile
893 1869 950 1897 est
983 1860 1234 1908 distingwere
1258 1860 1357 1898 situs
1389 1859 1597 1908 parciales,
1632 1872 1722 1896 cum
1752 1858 1839 1908 qui-

319 1927 413 1961 place.
516 1917 613 1954 libet
657 1917 754 1954 situs
799 1918 986 1966 parcialis
1019 1919 1120 1955 foret
1165 1919 1280 1955 talem
1306 1926 1461 1968 partem
1493 1918 1645 1955 situari.
1690 1919 1738 1953 Et
1766 1917 1771 1968 Ι
1800 1916 1840 1953 in
1866 1923 1892 1953 Β
1914 1924 1990 1952 ιοο“

226 1961 394 2024 Ῑῐῇἓοΐέιὲξὶζ,
412 1964 498 2022 ἓξὲξ-
517 1976 638 2012 talem
673 1984 829 2024 partem
864 1989 910 2013 ac
955 1976 1038 2013 eius
1070 1976 1189 2013 situm
1237 1985 1405 2024 possunt
1438 1975 1635 2025 quotlibet
1669 1987 1840 2023 corpora

229 2029 695 2092 difffffssgtatf’ffiiesrvicissim
742 2033 911 2082 ingredi,
963 2034 1066 2071 sicut
1113 2033 1289 2080 theologi
1340 2033 1626 2083 ymaginantur
1676 2045 1837 2069 omnem
1857 2039 1899 2071 30

294 2099 432 2127 another.
521 2091 708 2127 ultimum
754 2091 949 2129 inmobile
992 2105 1033 2129 se
1066 2093 1226 2129 habere.
1280 2094 1328 2128 Et
1360 2091 1466 2128 illius
1499 2090 1702 2140 opinionis
1733 2091 1841 2128 vide-

255 2134 482 2205 pfflggomcffljr,
524 2158 588 2185 tur
620 2148 741 2185 fuisse
767 2150 895 2197 Plato,
927 2163 1076 2187 vocans
1110 2151 1244 2187 locum
1271 2150 1498 2197 materiam,
1531 2150 1632 2198 ylen,
1655 2161 1840 2193 vacuum,

245 2202 495 2267 θζῑῑῑξξζέθξζιῐῇῧ·
525 2207 587 2243 vel
619 2207 803 2243 fraudem
839 2207 975 2245 fictam
1010 2208 1153 2245 crassis
1186 2208 1361 2245 tenebris
1394 2208 1628 2246 involutam.
1681 2209 1729 2243 Et
1762 2219 1842 2255 quo

243 2274 392 2309 difficulty
413 2280 453 2311 as.
466 2277 496 2299 to
525 2266 575 2301 ad
598 2265 928 2312 penetracionern
953 2279 1184 2314 corporum,
1209 2279 1290 2303 non
1314 2267 1401 2314 plus
1416 2266 1681 2314 procederent
1705 2273 1843 2302 contra

231 2311 615 2378 Cgffigeeffitggltgssss’eum
651 2335 772 2371 quam
807 2332 947 2360 contra
970 2324 1180 2372 theologos
1213 2333 1370 2361 nostros
1394 2332 1590 2372 ponentes
1624 2324 1731 2372 quod
1755 2335 1842 2359 cor·
1860 2327 1899 2360 35

244 2378 447 2440 Ῑθῢθῃίῗῃῖξξῑ
466 2377 489 2404 it
527 2393 627 2428 pora
660 2390 825 2428 possent
857 2382 1030 2419 transire
1053 2382 1093 2418 in
1126 2383 1256 2419 celum
1291 2381 1377 2420 sine
1400 2382 1484 2418 eius
1518 2381 1761 2418 alteracione
1784 2380 1844 2417 vel

280 2447 473 2482 impossible.
526 2439 708 2487 corporis
741 2439 797 2476 sic
830 2439 1031 2477 coextensi
1065 2439 1349 2488 corrupcione,
1399 2440 1514 2477 Unde
1555 2437 1844 2475 Lincolniensis

524 2496 638 2544 ponit
683 2497 821 2534 omnia
868 2506 976 2535 astra
1024 2510 1108 2535 esse
1152 2510 1326 2546 corpora
1360 2497 1480 2534 mixta
1520 2509 1563 2534 ex
1604 2496 1846 2545 puritatibus

592 2609 620 2637 6.
641 2609 727 2637 locus
749 2610 782 2637 B.
861 2617 907 2644 24.
929 2593 1017 2637 (ζο-ηἶιγ
1039 2611 1213 2646 completur
1240 2610 1272 2637 B.
1380 2610 1423 2638 25.
1450 2610 1612 2645 copulatur
1637 2609 1668 2636 in
1688 2616 1789 2645 marg.
1816 2609 1847 2636 Β.

523 2663 565 2694 33.
587 2653 637 2701 cff‘,
656 2667 688 2694 B.
797 2666 843 2695 36.
865 2658 991 2695 lata'cffe
1013 2668 1046 2696 Β.
1136 2666 1182 2695 38.
1205 2668 1365 2703 pu1⁷tatib9
1389 2668 1420 2695 B.

595 2736 648 2768 24.
677 2727 889 2768 Immobiles,
915 2728 1070 2761 subtiles.
1096 2728 1108 2760 1
1135 2735 1275 2770 suspect
1300 2727 1373 2759 that
1392 2726 1525 2770 Wyclif
1547 2726 1629 2758 here
1653 2736 1772 2758 means
1790 2725 1847 2757 the

525 2782 628 2813 space
654 2773 698 2815 by
718 2773 832 2805 which
851 2774 909 2806 the
927 2775 1036 2806 world
1056 2775 1084 2805 is
1104 2775 1298 2806 measured.
1326 2775 1390 2805 See
1417 2784 1436 2805 a
1455 2773 1521 2805 few
1548 2774 1634 2804 lines
1653 2773 1785 2804 below:
1813 2773 1846 2804 in

526 2820 631 2851 talem
654 2823 795 2860 partem
815 2845 822 2851 .
842 2845 848 2851 .
870 2845 877 2851 .
896 2825 1047 2862 possunt
1072 2844 1080 2852 .
1107 2844 1115 2852 .
1143 2846 1149 2852 .
1178 2830 1331 2863 corpora
1359 2845 1365 2851 .
1385 2843 1393 2851 .
1413 2845 1419 2851 .
1447 2820 1598 2861 ingredi.
1679 2819 1845 2860 32.ylen.

530 2864 556 2894 lt
582 2865 692 2905 ought
718 2872 753 2896 to
780 2866 823 2897 be
849 2866 956 2908 hylen
978 2882 1020 2893 Ξ
1038 2864 1135 2908 ὑλην.
