2051 3327
119 868 155 888 IO

118 1150 152 1181 15

112 1727 151 1759 25

111 2016 154 2049 30

111 2305 149 2338 35

175 226 264 254 CAP.
285 227 336 253 1x.
737 230 922 261 LOGICA.
1756 238 1774 275 7

174 334 330 371 obiecta
364 334 497 371 michi.
545 337 617 370 Res
661 344 795 371 autem
844 335 1131 383 multiplicatas
1177 350 1258 373 non
1292 348 1489 385 repugnat
1521 348 1565 373 As
1585 347 1632 373 for
1655 347 1760 382 beings

174 404 257 428 esse
292 405 412 440 supra
445 405 484 428 se
517 393 576 428 vel
608 394 680 428 sub
714 405 774 439 se;
815 402 852 429 et
885 393 940 429 sic
973 395 1020 430 de
1055 394 1198 430 ceteris
1231 382 1699 452 differenciisffifflgg'fft'ssg}
1717 390 1772 444 ἔζη

174 462 262 485 cum
295 459 389 486 tunc
421 450 469 486 sit
492 463 552 486 res
586 450 853 498 multiplicata
874 451 1070 497 localiter,
1105 454 1265 500 quando
1289 454 1487 501 complete
1516 450 1765 513 beaffiflsseffissffi

174 516 230 543 est
268 520 339 555 per
382 508 536 544 diversa
580 509 682 553 loca,
736 507 838 544 sicut
884 509 979 545 deus
1013 518 1069 546 est
1109 509 1404 547 indivisibiliter
1436 513 1487 548 ad
1537 519 1736 554 themselves;

173 578 332 601 omnem
370 575 562 613 punctum
598 565 751 607 mundi,
787 575 822 602 et
855 566 991 602 anima
1024 569 1073 603 ad
1097 580 1258 604 omnem
1292 578 1484 616 punctum
1566 554 1715 624 ἒξθξὲἓῇ

172 622 231 659 sui
264 623 445 660 subiecti.
496 623 660 671 Proprie
694 633 827 660 autem
868 624 1157 672 multiplicatur
1200 638 1413 663 commune
1446 627 1485 663 in
1507 623 1770 694 andvurgivgengals

171 682 251 718 suis
284 680 565 729 singularibus,
602 694 692 717 cum
727 681 776 717 sit
809 694 947 717 eorum
981 682 1201 730 singu1um3
1235 693 1277 720 ut
1314 693 1486 732 punctus
1519 693 1762 733 universaltidca

172 739 395 776 communis
448 738 739 786 multiplicatur
783 752 854 787 per
900 749 1029 775 totum
1084 743 1300 788 mundum;
1347 751 1383 779 et
1416 742 1485 792 sic,
1544 728 1728 791 olgsstft'ssfflt'

171 806 367 846 quantum
406 796 596 844 possibile
646 805 703 833 est
749 796 900 845 aliquid
953 799 1150 835 extensive
1209 800 1483 848 multiplicari.
1508 798 1766 861 caffiffitviggsslffus

172 857 249 892 Sed
282 856 329 891 de
362 863 527 903 puncto,
565 855 668 899 loco,
710 856 770 891 vel
803 854 1028 903 quantitate
1060 867 1320 903 permanente
1353 858 1485 906 singu·
1589 868 1683 907 really

171 913 258 958 lari,
292 925 373 949 non
406 921 463 948 est
496 912 696 960 possibilis
730 912 819 948 talis
852 912 969 949 realis
1003 914 1307 965 multiplicacio,
1347 929 1485 964 quam-
1541 903 1731 972 ¹3:2¹3&oess

169 971 226 1007 vis
269 969 499 1006 substancia
543 970 756 1018 singularis
800 983 995 1018 corporea
1039 973 1140 1008 bene
1183 973 1308 1020 possit
1353 974 1486 1010 multi·
1517 971 1757 1034 διιξῑὸξὲᾪῑέἒῖῑὸῃ

170 1028 327 1077 plicari:
367 1027 422 1064 sic
466 1029 574 1076 quod
606 1028 751 1064 alicubi
784 1028 833 1064 sit
865 1029 1128 1066 materialiter
1161 1040 1197 1066 et
1231 1030 1324 1067 alibi
1357 1031 1484 1068 inten-
1524 1041 1559 1068 be
1579 1042 1750 1077 multiplied

170 1086 378 1123 cionaliter
409 1087 468 1122 vel
501 1086 859 1125 sacramentaliter.
1517 1077 1762 1112 sacramentauy.

229 1145 283 1180 Ex
315 1143 400 1180 istis
432 1152 542 1192 patet
581 1145 688 1192 quod
729 1145 901 1180 mundus
933 1157 1015 1180 non
1049 1144 1288 1193 simpliciter
1320 1148 1390 1183 sed
1424 1150 1481 1182 2¹¹¹
1558 1156 1646 1184 Thus
1667 1157 1716 1185 the

169 1215 260 1238 suas
300 1210 433 1250 partes
479 1211 535 1238 est
568 1214 756 1249 suprema
800 1214 861 1237 res
896 1211 933 1239 et
964 1202 1102 1239 infima
1144 1203 1358 1251 possibilis.
1407 1206 1482 1241 Sed
1517 1199 1756 1261 ξξὲνῖἳζῖέἶῆἓ

169 1260 325 1296 videtur
359 1259 479 1296 michi
513 1261 621 1307 quod
654 1259 884 1307 superficies
918 1259 1065 1297 extima
1105 1261 1244 1297 mundi
1277 1262 1326 1298 sit
1359 1261 1485 1299 alcior
1511 1261 1763 1323 hfflffiffefflfleffl

170 1318 257 1366 ipso
291 1327 327 1354 et
371 1327 480 1354 extra
519 1317 649 1365 ipsum
686 1321 742 1352 2⁰³
776 1317 895 1354 situm
937 1317 1238 1366 indivisibilem,
1283 1319 1358 1356 nisi
1391 1333 1483 1368 pars
1505 1330 1769 1370 lowest-possible

171 1375 310 1412 mundi
333 1375 598 1424 superficialis
616 1375 811 1412 subiectet
843 1375 966 1422 illam,
1004 1385 1040 1413 et
1073 1389 1144 1425 per
1167 1377 1273 1414 idem
1299 1387 1480 1414 centrum
1498 1400 1510 1427 I
1530 1365 1701 1427 ὼῃξὲᾞξξξὶῑ
1718 1401 1768 1428 the

171 1433 309 1470 mundi
343 1442 444 1470 esset
476 1433 639 1470 inferius
671 1446 792 1482 quam
827 1433 991 1482 aliquod
1023 1447 1263 1482 permanens
1297 1436 1484 1473 continue
1517 1435 1757 1497 θῑξξῡὲῃῐῗῖῗὲῦε

171 1504 374 1539 magnum.
421 1493 469 1528 Et
502 1491 557 1528 sic
604 1493 651 1527 de
685 1491 897 1528 cuiuslibet
937 1493 1118 1540 corporis
1152 1493 1338 1530 termino.
1394 1496 1484 1530 Non
1546 1478 1724 1532 indigisible

171 1549 276 1586 enim
310 1550 412 1586 foret
441 1549 670 1586 substancia
701 1549 886 1597 superior
917 1550 977 1586 vel
1006 1550 1171 1587 inferior
1203 1560 1370 1599 propter
1402 1551 1484 1588 eius
1500 1539 1772 1602 anpdmssgvssffloeffle

170 1607 356 1644 accidens
391 1607 625 1654 terminans,
658 1607 689 1644 si
722 1607 852 1655 ipsum
886 1621 967 1644 non
996 1608 1243 1645 subiectetur
1274 1609 1315 1645 in
1348 1609 1483 1658 aliqua
1518 1604 1747 1672 εξῡῶῐέοῑῗξξύ

171 1665 253 1702 eius
299 1674 413 1713 parte
446 1665 586 1713 pocius
631 1678 753 1713 quam
798 1675 965 1714 propter
1010 1666 1247 1714 bonitatem,
1300 1668 1361 1704 vel
1405 1667 1483 1704 alia
1563 1679 1711 1706 surfaces.

170 1723 252 1760 eius
299 1723 544 1769 accidencia,
597 1723 895 1771 quantumlibet
940 1723 1149 1774 distancia,
1202 1734 1270 1761 aut
1318 1735 1484 1774 propter

167 1782 285 1818 talem
320 1781 539 1818 terminum
586 1794 656 1829 per
701 1793 741 1817 se
773 1781 1003 1818 existentem
1037 1782 1078 1818 in
1112 1784 1252 1819 eodem
1292 1783 1370 1820 situ
1402 1796 1482 1832 quo

167 1838 307 1876 infimo
339 1852 420 1876 non
453 1839 731 1876 continuatum
767 1852 856 1875 cum
892 1839 1126 1876 terminato.

225 1898 302 1933 Sed
335 1897 527 1946 pro-aliis
560 1901 624 1943 40r
657 1897 898 1934 differenciis
942 1899 1164 1934 notandum
1213 1900 1322 1947 quod
1362 1911 1482 1936 omne
1514 1910 1613 1944 Every
1633 1911 1747 1940 animal

168 1954 317 1991 animal
340 1956 520 1992 absolute
544 1956 695 1991 habens
727 1955 823 1992 istas
856 1955 1106 1992 differencias
1130 1957 1248 1993 habet
1284 1957 1323 1993 3S
1355 1956 1481 1994 lineas
1511 1945 1755 2014 thagolgffioghsese

169 2012 480 2050 dimensionales
525 2014 844 2061 orthogonaliter
883 2026 923 2050 se
956 2023 1136 2051 secantes
1170 2014 1210 2051 in
1244 2014 1397 2060 medio;
1444 2024 1481 2051 et
1537 2016 1732 2078 dffisessisggs

167 2083 231 2107 sex
263 2071 496 2108 medietates
520 2071 839 2108 concomitantes
872 2071 996 2108 divise
1019 2084 1090 2120 per
1121 2073 1220 2108 tales
1243 2081 1322 2109 tres
1355 2072 1482 2109 lineas
1522 2084 1587 2112 that
1606 2084 1750 2113 intersect

167 2128 399 2165 obiciuntur
430 2142 495 2166 sex
525 2129 765 2166 differenciis
793 2130 1061 2179 posicionum,
1095 2130 1151 2166 sic
1175 2131 1282 2179 quod
1316 2130 1482 2179 quilibet
1507 2120 1762 2182 Ηῑῑῃΐξῇὲῖςξὲᾕξδ

167 2195 273 2222 extra
300 2187 474 2223 medium
508 2187 598 2224 talis
621 2187 806 2224 animalis
838 2188 943 2224 inter
975 2188 1073 2224 tales
1096 2188 1233 2232 lineas,
1268 2197 1482 2236 quantum·
1533 2188 1626 2251 Ofairig
1646 2189 1737 2251 {ioxdy'

166 2244 261 2280 libet
292 2254 530 2293 protractas,
565 2254 623 2282 est
657 2245 930 2293 comparative
953 2247 1133 2282 dextrum
1168 2248 1228 2282 vel
1260 2245 1481 2292 sinistrum,
1508 2259 1754 2294 corresponding

167 2312 204 2339 et
237 2312 381 2348 cetera,
426 2303 656 2340 huiusmodi
701 2303 878 2341 animali.
926 2306 974 2339 Et
1018 2303 1074 2340 sic
1127 2303 1333 2340 conclusio
1372 2313 1482 2352 patet
1509 2293 1753 2361 hffssvvfss’r'ulgkpcef’

167 2362 275 2409 quod
322 2370 400 2397 stat
450 2361 555 2397 idem
602 2374 682 2397 non
729 2361 1037 2409 multiplicatum
1084 2374 1168 2398 esse
1211 2361 1482 2410 sextupliciter
1506 2362 1667 2432 ῐῖξῃϋέἑὲξ
1687 2371 1771 2425 ῐῖῐξξ

166 2418 341 2466 positum
375 2432 454 2467 quo
487 2421 537 2455 ad
561 2419 812 2456 differencias
845 2419 1050 2467 animalis3
1084 2428 1127 2456 ut
1159 2420 1265 2456 idern
1301 2429 1358 2456 est
1391 2421 1480 2456 dex·
1535 2431 1581 2458 six
1602 2432 1743 2460 different

167 2485 272 2512 trum
305 2477 438 2523 michi,
471 2486 562 2513 ante
596 2490 671 2523 me,
707 2487 743 2513 et
775 2490 895 2525 supra
921 2491 983 2514 me
1017 2486 1109 2523 etc.;
1155 2477 1257 2514 sicut
1291 2486 1400 2525 patet
1433 2479 1480 2514 de
1497 2467 1769 2529 Ροζὲᾓῗέῗίἒξεῖὴε

168 2543 252 2570 toto
286 2534 445 2571 residuo
471 2535 608 2570 mundi
643 2544 751 2571 extra
775 2548 851 2574 me.
884 2538 984 2571 Nam
1011 2534 1205 2572 circulare
1229 2544 1286 2572 est
1310 2535 1480 2572 maxime
1524 2536 1740 2598 tsffgsstgffilffiglo·

1733 2593 1740 2605 ,

234 2686 280 2712 24.
302 2664 364 2705 b'gm
384 2678 416 2705 B.
541 2687 586 2711 27.
607 2665 769 2714 quomsffio
790 2680 822 2706 B.
927 2666 1093 2719 34.-pt”<:*tas
1114 2681 1148 2708 B.
1279 2679 1323 2715 37.
1345 2668 1381 2708 does
1400 2673 1425 2708 Ξ]
1447 2681 1481 2708 B.

238 2759 291 2791 27.
320 2751 456 2793 Infimo.
499 2749 575 2781 The
613 2751 711 2782 word
739 2750 849 2792 might
881 2752 962 2783 read
990 2751 1023 2782 in
1051 2762 1199 2790 summo,
1238 2752 1387 2784 without
1424 2752 1481 2783 the

166 2806 267 2827 sense
298 2796 338 2827 of
368 2796 435 2827 this
467 2803 629 2828 sentence
666 2796 771 2838 being
809 2797 944 2828 cleaver
982 2808 1021 2828 or
1052 2798 1109 2829 the
1135 2809 1284 2830 reverse.
1326 2798 1442 2829 When
1469 2799 1479 2829 l

167 2842 289 2883 copied
316 2842 374 2873 the
400 2843 470 2875 MS.
496 2843 507 2873 I
535 2842 643 2874 found
670 2842 728 2874 the
754 2843 852 2874 word
880 2854 957 2874 was
984 2850 1077 2875 most
1103 2844 1171 2875 like
1199 2845 1362 2876 insivero.
