2051 3327
206 259 295 287 CAP.
317 259 353 287 x.
774 263 961 295 LOGICA.
1739 267 1751 291 1
1764 266 1816 303 49

206 379 342 407 tamen
374 383 446 406 nec
480 369 575 406 facit
608 381 681 404 nec
713 368 832 406 faciet
870 368 987 405 istam
1031 370 1212 412 domum,
1252 369 1383 416 posito
1417 372 1525 418 quod

209 427 328 464 faciat
361 427 479 464 istam
503 428 670 463 domum
705 436 922 475 antequam
959 426 1035 463 erit
1068 427 1359 474 carpentarius,
1391 430 1439 464 Et
1472 428 1527 464 sic

208 495 310 523 esset
333 485 523 534 possibile
547 485 657 533 quod
681 486 756 521 Sor
778 484 947 532 incipiat
971 497 1054 521 esse
1079 498 1138 521 res
1168 485 1296 533 nigra,
1332 494 1368 521 et
1391 494 1528 522 tamen,

208 557 288 581 non
333 543 473 591 incipit
518 555 601 579 esse
646 555 707 579 res
753 542 960 590 nigredine
1007 543 1200 579 colorata.
1255 545 1303 579 Et
1347 543 1387 579 in
1433 557 1528 580 casu

175 601 372 649 5incipiet
416 614 501 638 esse
545 613 607 637 res
651 613 727 648 que
773 601 991 647 coloratur,
1040 609 1077 637 et
1117 614 1206 637 cum
1247 601 1412 649 incipiet
1446 615 1529 639 esse

209 673 270 696 res
312 668 349 696 et
388 668 523 696 tamen
562 672 645 695 non
683 658 850 707 incipiet
890 671 974 695 esse
1013 672 1075 695 res
1108 671 1186 707 que
1219 659 1305 709 fuit,
1345 660 1406 695 vel
1439 659 1528 706 erit,

208 717 417 765 nigredine
451 718 658 754 collorata.
693 719 742 753 Et
774 718 873 753 tales
902 716 1267 764 zophisticaciones
1291 726 1530 765 reputantur

208 775 372 812 subtiles
416 774 494 811 illis
539 775 606 823 qui
652 776 879 811 concedunt
923 775 971 811 de
1011 775 1196 823 qualibus
1229 775 1375 823 specie,
1422 777 1527 824 quod

208 834 276 870 illa
310 846 379 881 per
412 833 598 869 accidens
632 840 689 869 est
721 832 789 868 illa
821 832 988 880 species.
1025 835 1076 870 Ut
1098 833 1335 869 conceditur
1361 833 1401 869 in
1435 847 1530 870 casu

156 901 194 923 10
209 890 437 939 theologico
471 891 651 939 possibili
684 892 793 938 quod
826 890 866 926 in
895 890 973 927 fine
996 890 1109 927 istius
1139 891 1236 927 hore
1262 891 1358 927 fient
1381 890 1527 928 infiniti

209 948 412 996 homines3
453 957 491 985 et
522 958 617 985 tunc
656 960 730 984 nec
763 948 830 984 fiet
864 948 1032 996 aliquid,
1072 961 1146 985 nec
1185 949 1317 997 quale,
1357 961 1431 986 nec
1469 963 1531 986 res

209 1007 345 1055 aliquo
379 1008 501 1043 modo
534 1019 574 1043 se
607 1007 771 1051 habens,
806 1005 938 1053 posito
971 1008 1082 1054 quod
1105 1008 1282 1043 Verbum
1317 1008 1531 1056 sssumpsit

209 1064 388 1101 infinitos
412 1063 592 1101 homines
616 1063 778 1100 racione
803 1072 840 1100 et
864 1063 1041 1100 dimittat
1075 1077 1140 1100 eos
1165 1064 1205 1100 in
1239 1065 1315 1101 fine
1339 1066 1448 1104 hore.
1483 1066 1532 1102 Et

210 1122 265 1159 ita
298 1121 487 1170 possibile
521 1131 578 1158 est
610 1122 688 1158 illis
721 1123 831 1169 quod
864 1121 943 1157 iam
979 1131 1036 1158 est
1068 1131 1226 1159 tanturn
1261 1136 1363 1159 unus
1394 1125 1530 1169 homo,

157 1186 193 1220 15
210 1189 248 1217 et
285 1179 431 1216 infiniti
471 1180 654 1216 homines
696 1188 1006 1228 corrumpentur
1037 1181 1097 1216 vel
1136 1180 1448 1228 annichilentur‚
1495 1190 1532 1218 et

210 1238 334 1274 nichil
379 1239 608 1274 absolutum
655 1238 932 1286 generabitur3
980 1246 1017 1274 et
1061 1247 1196 1274 tam'en
1233 1238 1274 1274 in
1308 1239 1384 1275 fine
1417 1239 1532 1276 istius

211 1297 308 1332 hore
341 1304 459 1340 erunt
491 1295 636 1332 infiniti
669 1295 865 1341 homines,
907 1295 1039 1343 posito
1073 1298 1182 1344 quod
1223 1297 1319 1332 deus
1353 1306 1533 1334 assumat

212 1356 310 1390 duas
349 1353 627 1390 multitudines
665 1353 844 1390 infinitas
884 1362 1122 1390 naturarum
1163 1355 1450 1401 humanarum,
1497 1364 1534 1392 et

211 1424 331 1448 unam
358 1413 618 1459 postmodum
642 1411 878 1457 annichilet;
914 1420 950 1448 et
973 1411 1169 1460 reliquam
1194 1411 1373 1449 dimittat
1396 1413 1436 1449 in
1456 1413 1533 1450 fine

155 1477 196 1499 20
212 1469 318 1505 illius
351 1470 460 1505 hore.
510 1471 559 1505 Et
591 1469 632 1505 in
663 1469 743 1506 alio
778 1482 871 1505 casu
906 1478 963 1506 est
996 1469 1185 1517 possibile
1219 1472 1328 1518 quod
1361 1470 1401 1506 in
1434 1472 1532 1507 hora

212 1529 512 1576 generabuntur
545 1527 693 1563 infiniti
726 1527 925 1565 homines.
975 1529 1023 1564 Et
1054 1537 1192 1564 tamen
1224 1529 1358 1565 nullus
1392 1541 1530 1565 eorum

212 1585 469 1634 generabitur
508 1586 557 1621 ab
597 1585 748 1634 aliquo,
790 1586 897 1634 quod
937 1598 1019 1621 non
1059 1595 1116 1622 est
1149 1587 1246 1622 deus
1280 1599 1353 1623 nec
1387 1600 1409 1623 a
1442 1588 1532 1624 deo.

211 1645 357 1680 Ymmo
402 1645 497 1679 deus
540 1656 622 1680 non
667 1643 767 1680 sciat
807 1645 970 1692 quando
1009 1645 1059 1680 ad
1098 1643 1267 1680 istorum
1302 1645 1532 1693 hominum3

214 1710 264 1747 et,
297 1701 430 1749 posito
464 1702 572 1750 quod
605 1700 682 1737 ista
715 1702 814 1738 hora
847 1701 1048 1738 dividatur
1081 1702 1121 1738 in
1154 1714 1246 1738 suas
1279 1712 1414 1750 partes
1441 1716 1534 1751 pro-

157 1756 196 1787 25
214 1759 464 1808 porcionales
498 1759 673 1796 minores
705 1772 832 1808 usque
864 1759 1054 1796 ultimum
1088 1759 1254 1804 instans,
1289 1769 1327 1797 et
1350 1762 1459 1809 quod
1492 1761 1533 1797 in

213 1817 434 1865 quamlibet
466 1817 636 1853 istarum
670 1818 853 1865 parcium
879 1819 975 1854 deus
998 1817 1175 1854 dimittat
1197 1827 1385 1855 naturam
1410 1832 1533 1855 unam

214 1877 261 1911 de
305 1874 382 1911 illis
426 1875 594 1911 infinitis
638 1875 870 1923 assumptis,
917 1884 954 1912 et
999 1885 1089 1923 post
1132 1875 1200 1912 illo
1249 1878 1370 1913 modo
1416 1876 1456 1913 in
1491 1881 1535 1915 2a

214 1933 428 1969 medietate
470 1932 644 1969 eiusdem
687 1933 812 1981 partis
846 1933 1036 1970 anichilet
1068 1935 1253 1981 eandem,
1293 1943 1389 1970 tunc
1427 1934 1532 1971 enim

214 2004 421 2039 nunquam
467 1991 569 2027 foret
613 1991 722 2027 aliud
767 1991 937 2027 istorum
983 1991 1210 2038 hominum,
1255 1991 1363 2028 iuxta
1396 2005 1535 2029 conse-

157 2045 198 2077 30
213 2048 428 2097 quenciam
467 2048 655 2097 logicam.
709 2051 758 2085 Et
796 2049 851 2085 sic
891 2058 948 2085 est
987 2049 1175 2096 possibile
1208 2051 1315 2098 quod
1349 2051 1428 2087 duo
1462 2050 1533 2086 filii

213 2106 360 2142 fuerint
382 2106 505 2155 geniti
536 2108 583 2143 de
606 2108 638 2142 A
662 2106 830 2143 muliere
861 2107 901 2143 in
923 2109 953 2143 B
986 2107 1166 2157 instanti,
1199 2116 1236 2144 et
1269 2116 1405 2144 tamen
1439 2117 1533 2144 tunc

213 2177 293 2201 non
334 2164 470 2212 genuit
508 2164 583 2201 nisi
622 2177 747 2200 unum
789 2164 939 2211 filium;
984 2174 1022 2200 et
1054 2164 1110 2201 sic
1150 2174 1281 2213 potest
1314 2178 1398 2202 esse
1431 2166 1471 2202 in
1504 2168 1533 2202 B

214 2222 392 2272 instanti,
437 2235 510 2259 nec
552 2221 737 2270 genuisse
782 2223 882 2258 duos
927 2222 1030 2258 filios
1075 2222 1116 2258 in
1161 2225 1190 2259 B
1237 2223 1414 2270 instanti,
1460 2236 1534 2260 nec

215 2280 330 2317 aliter
362 2293 402 2316 se
435 2280 621 2317 habuisse
654 2289 749 2316 tunc
781 2293 902 2328 quam
936 2280 1078 2316 habuit
1110 2293 1164 2317 se.
1198 2281 1333 2317 Posito
1356 2294 1534 2330 namque

75 2343 194 2376 1315112
215 2338 324 2386 quod
345 2346 491 2375 natura
515 2347 722 2386 assumpta
755 2337 1039 2385 dimitteretur,
1069 2334 1073 2391 Ι
1102 2347 1197 2375 tunc
1230 2339 1368 2376 fuisset
1400 2339 1535 2388 genita

216 2409 238 2433 a
271 2395 451 2442 muliere,
486 2409 577 2433 cum
610 2405 748 2432 tamen
782 2396 849 2432 illa
881 2408 963 2432 non
996 2396 1132 2444 genuit
1164 2396 1289 2444 illam,
1323 2399 1392 2433 sed
1422 2397 1534 2446 aqui-

216 2453 305 2490 sivit
338 2466 408 2502 per
439 2467 560 2490 unam
596 2467 739 2502 puram
772 2453 1052 2501 negacionem.

276 2511 543 2548 Comiscendo
584 2511 710 2548 eciam
751 2511 850 2548 alios
890 2511 1085 2547 terminos
1129 2511 1397 2549 accidentales
1444 2526 1533 2549 cum
1571 2519 1629 2546 We
1649 2527 1704 2546 can
1726 2527 1801 2554 vary

217 2569 400 2606 terminis
463 2582 564 2617 quos
615 2582 806 2606 vocamus
869 2569 1171 2615 substanciales‚
1239 2570 1437 2619 contingit
1495 2572 1536 2607 in
1568 2554 1806 2616 oauffssffissffissffs

1581 2624 1794 2658 conclusions,

287 2691 311 2719 5.
334 2692 469 2720 colorata
490 2692 523 2719 B.
649 2693 677 2720 6.
710 2691 804 2728 cipiet
824 2692 856 2719 B.
966 2700 992 2726 7.
1020 2693 1165 2720 collerata
1194 2693 1225 2720 Β.
1369 2693 1397 2721 8.
1420 2702 1480 2729 que
1500 2694 1533 2721 B.

217 2748 256 2788 ¹3:
278 2732 366 2776 rffi
388 2749 420 2776 Β.
533 2749 577 2789 Ζᾷ.
593 2741 639 2785 ἦα
660 2750 768 2777 adim?
791 2750 823 2776 Β.
923 2758 969 2784 27.
985 2741 1085 2812 lpfflff’
1109 2740 1172 2779 ’ἲν
1192 2752 1265 2778 rnete
1280 2751 1312 2778 13.
1384 2759 1431 2784 no.
1453 2752 1534 2779 aliud

216 2786 273 2819 (sic
284 2784 302 2818 1)
324 2783 357 2811 B.
449 2783 488 2812 31.
510 2785 591 2812 mlle‘
615 2790 647 2812 ὅ.
730 2783 776 2812 38.
798 2783 965 2820 9mscend0
1013 2806 1018 2812 .

289 2857 341 2890 23.
367 2856 443 2889 The
468 2862 539 2889 text
563 2857 592 2889 is
617 2856 785 2901 certainly
811 2863 954 2900 corrupt
977 2856 1075 2890 here.
