2051 3327
83 464 108 493 Β
128 460 206 504 147b

177 877 215 897 IO

175 1156 210 1187 15

170 2026 210 2057 30

170 2314 209 2347 35

166 2614 211 2645 40

234 236 322 263 CAP-
344 235 379 263 X-
796 239 982 270 LOGICA.
1755 241 1830 278 139

234 345 432 393 aliquibus
484 357 682 392 nusquam
736 357 831 380 esse.
888 345 1062 380 Mundus
1121 351 1253 379 autem
1315 354 1404 378 cum
1470 354 1541 378 sua
1569 351 1629 389 and
1651 352 1701 378 the
1722 352 1819 378 world

234 403 468 452 quantitate,
508 402 600 439 licet
637 403 686 439 sit
724 402 885 450 ubique,
924 404 999 438 hoc
1038 410 1095 437 est
1129 401 1178 436 ad
1219 412 1380 436 omnem
1421 399 1540 435 situm
1577 386 1808 456 Ῑὲἱῗξῇᾆᾭῖξῖ]

234 474 324 497 curn
364 460 499 496 multis
540 460 622 496 eius
661 460 814 505 sitibus,
857 461 998 496 desunt
1031 458 1226 507 quotlibet
1254 453 1259 511 Ι
1289 458 1370 494 eius
1409 466 1542 504 partes
1571 455 1814 525 qffnggtraffllaffi

231 519 486 566 temporales.
539 520 587 554 Et
620 518 711 554 licet
755 519 975 554 secundum
1021 529 1060 553 se
1112 525 1241 552 totum
1287 515 1336 551 sit
1379 515 1541 564 ubique,
1604 524 1679 552 local
1703 530 1795 563 parts,

232 585 367 612 tamen
406 589 478 624 pro
513 575 692 624 quolibet
731 575 896 612 instanti
936 575 1019 612 eius
1053 576 1196 611 desunt
1229 573 1426 622 quotlibet
1459 572 1542 609 eius
1573 560 1819 622 evffifxtxilrffgem

231 643 379 682 partes,
414 636 490 670 Sed
525 646 637 670 secus
671 643 728 670 est
761 635 809 669 de
843 635 930 669 deo.

289 693 349 728 Ad
389 695 446 729 2¹n
482 691 571 728 dico
616 693 725 740 quod
769 704 889 728 omne
934 703 1173 738 corporeum
1220 698 1277 726 est
1323 697 1540 733 extensum,
1569 696 1616 723 To
1637 697 1687 723 the
1706 697 1754 723 21211
1774 706 1819 724 we

231 749 340 786 sicud
395 759 432 786 et
475 760 595 785 omne
639 750 789 786 moveri
832 761 1086 797 corporeum.
1140 750 1221 784 Nec
1265 746 1462 794 sequitur3
1509 732 1831 801 Αΐρῗέξζιὲῗῖγᾛξᾶῑ

230 809 418 856 adequate
449 815 505 844 est
534 807 588 843 sic
620 808 656 843 in
689 808 754 844 illo
790 808 887 854 loco,
920 815 955 843 et
987 807 1060 842 iam
1095 818 1167 842 non
1201 813 1256 841 est
1287 805 1475 853 adequate
1507 804 1542 839 in
1564 801 1830 864 {figeffigffesffignits

231 866 296 901 illo
335 865 439 910 I0c0,·
476 878 586 915 ergo,
626 873 804 901 movetur
843 865 904 900 vel
942 864 1157 900 movebitur
1194 864 1246 899 ad
1284 863 1412 907 ilIum3
1449 861 1543 910 quia
1602 870 1669 897 ofa
1694 871 1784 907 body.

230 925 471 959 antecedens
504 932 635 970 potest
666 922 864 959 verificari
898 935 968 971 per
1001 922 1251 958 ablacionem
1283 920 1465 968 parcium
1496 921 1541 964 A,
1581 904 1805 967 ξζὸἒξῑξῗὲᾟ

231 994 319 1017 cum
355 982 429 1017 hoc
462 982 569 1029 quod
602 980 804 1017 residuum
838 980 942 1016 illius
972 981 1003 1015 A
1032 979 1148 1016 fuerit
1178 978 1368 1015 continue
1396 977 1436 1013 in
1467 977 1542 1013 isto
1568 975 1717 1044 osscffiffiiff
1730 983 1815 1036 Odnocees

228 1039 331 1075 loco.
378 1040 492 1076 Unde
535 1051 616 1075 non
661 1047 821 1087 oportet
861 1051 904 1074 ex
942 1039 1203 1075 antecedente
1248 1036 1317 1073 tali
1362 1037 1470 1084 quod
1509 1037 1824 1114 Anotqffiffizarny

229 1096 387 1144 aquirat
416 1097 589 1145 aliquem
625 1097 780 1142 locum3
814 1097 880 1133 sed
914 1096 1044 1132 solum
1079 1095 1128 1131 sit
1160 1094 1214 1131 ibi
1247 1095 1465 1130 secundum
1501 1105 1541 1129 se
1608 1113 1725 1148 change
1745 1115 1780 1142 of

228 1163 371 1200 totum,
406 1155 472 1191 ubi
508 1154 697 1191 continue
730 1155 802 1191 fuit
835 1154 918 1191 eius
950 1166 1043 1202 pars
1077 1166 1147 1202 per
1180 1152 1376 1201 reliquam
1416 1151 1540 1199 partis
1644 1149 1738 1183 place.

228 1213 499 1258 ablacionem3
532 1226 668 1260 ymmo
702 1222 779 1249 stat
824 1212 1000 1249 animam
1048 1210 1308 1259 multiplicari
1353 1222 1424 1257 per
1468 1209 1539 1246 ali-

228 1280 405 1307 mentum
432 1270 647 1307 adveniens
676 1271 832 1307 noviter
856 1270 1135 1316 assimilatum,
1166 1278 1204 1304 et
1227 1266 1540 1315 demultiplicari
1573 1264 1805 1335 ἷὲῑέυέῧῦὲῖξῗὲ

227 1341 297 1376 per
342 1338 497 1377 partem
545 1329 725 1377 corporis
770 1328 1054 1371 abscisionem,
1102 1336 1140 1363 et
1184 1326 1239 1362 sic
1278 1325 1463 1374 aquirere
1503 1333 1541 1361 et
1581 1342 1672 1373 space
1693 1335 1733 1370 by
1753 1336 1802 1363 the

228 1388 446 1434 deperdere
486 1387 619 1423 locum
661 1386 745 1423 sine
784 1387 843 1423 sui
883 1395 994 1422 motu
1033 1385 1151 1421 locali
1190 1396 1261 1432 per
1300 1396 1340 1420 se
1371 1384 1432 1420 vel
1471 1396 1541 1431 per
1566 1370 1823 1437 ²}{Scig}¹¹(ivti¹t(ii¹‹l]u(it

227 1444 426 1483 accidens,
468 1446 599 1481 Habet
631 1453 767 1481 tamen
806 1458 931 1480 unum
972 1443 1217 1492 equivalens,
1252 1443 1360 1489 quod
1396 1440 1542 1477 dicitur
1585 1439 1800 1508 Chaffigsclgits

227 1502 516 1551 multiplicacio
548 1503 609 1539 vel
643 1501 995 1551 demultiplicacio.
1031 1500 1277 1538 Conceditur
1310 1512 1403 1547 ergo
1435 1500 1542 1547 quod
1561 1508 1624 1535 Yon
1643 1516 1701 1536 are
1722 1511 1823 1549 where

226 1568 260 1596 te
304 1573 385 1597 esse
429 1569 486 1597 est
531 1560 584 1596 ibi
630 1561 697 1596 ubi
735 1560 815 1597 iam
856 1569 914 1597 est
952 1572 1044 1608 pars
1083 1568 1164 1605 tua,
1207 1557 1300 1606 quia
1339 1558 1389 1593 ad
1428 1549 1832 1615 illun]bg{³¹1¹12tp,{¹gtti¹s⁵e3y

226 1619 374 1665 locum,
420 1620 488 1655 sed
529 1631 609 1655 non
648 1620 870 1655 secundum
910 1630 951 1654 se
989 1626 1118 1654 totum
1152 1616 1192 1653 in
1224 1616 1293 1652 illo
1325 1616 1428 1661 loco,
1474 1616 1542 1651 sed
1672 1621 1716 1640 so.

228 1676 300 1712 erit
332 1689 403 1724 per
444 1676 569 1724 partis
602 1677 867 1723 ablacionem,
922 1689 1010 1713 cum
1051 1675 1156 1711 idem
1192 1674 1241 1711 sit
1276 1675 1544 1722 quodcunque

194 1734 294 1770 Jens
329 1744 365 1770 et
397 1734 528 1782 ipsum
562 1747 659 1780 esse.

283 1794 389 1829 Nota
419 1801 556 1828 tamen
580 1794 688 1840 quod
720 1805 802 1829 non
835 1799 1047 1840 repugnat,
1081 1791 1150 1827 sed
1183 1798 1240 1825 est
1273 1788 1541 1825 necessarium
1558 1799 1657 1835 Every
1678 1804 1746 1839 part
1766 1800 1835 1828 osa

226 1850 378 1898 pocius,
412 1863 573 1887 omnem
597 1850 772 1886 hominis
796 1859 951 1898 partem
987 1861 1070 1885 esse
1106 1847 1359 1891 divisibilem,
1391 1856 1427 1883 et
1451 1859 1541 1883 cum
1584 1842 1815 1903 divigiadielfhis

226 1909 302 1944 hoc
337 1921 420 1944 esse
454 1908 632 1945 animam
668 1908 752 1945 eius
785 1907 1085 1953 indivisibilem,
1120 1919 1209 1942 cum
1244 1905 1419 1953 quelibet
1451 1904 1542 1940 talis
1570 1904 1833 1966 hffieilsilffiiessgfor

226 1978 397 2013 persona
449 1967 499 2003 sit
545 1966 701 2003 divisim
755 1979 913 2014 corpus⁷
968 1975 1004 2001 et
1057 1964 1206 2009 anima,
1260 1972 1298 2000 et
1350 1962 1542 1999 connexio
1572 1973 1714 2001 ineverv
1736 1961 1803 2008 p⁷art

227 2026 451 2062 ambarum.
498 2026 616 2070 Quod
662 2033 772 2072 patet
821 2037 864 2060 ex
908 2024 983 2060 hoc
1037 2024 1145 2071 quod
1198 2021 1403 2057 hominem
1458 2033 1542 2056 esse
1562 2002 1819 2077 yousonuqydaffid„

226 2094 366 2118 sanum
422 2091 478 2119 est
531 2082 703 2130 qualitas
757 2082 1039 2130 multiplicata,
1101 2089 1137 2117 et
1197 2079 1402 2116 hominem
1458 2091 1542 2115 esse
1566 2078 1818 2148 ffeiglstlhofjssulffii'ge·

1260 2137 1265 2143 .
1682 2134 1688 2146 2

226 2140 389 2179 iustum.
443 2142 490 2176 Et
535 2140 590 2176 sic
635 2142 682 2176 de
728 2140 924 2188 quotlibet
971 2138 1202 2176 virtutibus:
1257 2150 1336 2173 iarn
1383 2145 1541 2185 oportet
1565 2147 1623 2174 and
1645 2148 1687 2175 all
1709 2148 1824 2186 virtues

226 2198 448 2234 subiectum
479 2198 640 2234 illorum
673 2198 947 2235 accidencium
982 2198 1104 2245 (quod
1129 2205 1185 2233 est
1210 2195 1415 2231 hominem
1441 2197 1538 2240 esse)
1585 2183 1799 2244 affiaqueagtgtes

227 2257 590 2304 correspondentes
629 2255 902 2306 multiplicari,
947 2264 990 2291 ut
1030 2263 1086 2291 est
1125 2253 1220 2290 satis
1258 2262 1412 2290 notum.
1459 2254 1540 2289 Nec
1564 2252 1824 2314 sslxiv‘iffihomuidhe

226 2323 356 2362 potest
401 2314 478 2350 dici
523 2315 631 2363 quod
676 2315 839 2363 aliquod
887 2314 965 2350 tale
1010 2312 1197 2349 accidens
1242 2312 1361 2347 habet
1406 2319 1539 2358 partes
1676 2297 1690 2314 e
1787 2308 1792 2313 ”

227 2372 459 2418 extensivas,
494 2385 582 2409 cum
620 2381 755 2408 manet
790 2373 929 2409 eadem
962 2371 1100 2416 virtus,
1135 2369 1321 2406 abscissis
1354 2368 1538 2417 partibus

227 2443 303 2478 que
335 2430 469 2466 insunt
502 2430 597 2478 ipsis
631 2430 828 2469 adunatis,

284 2489 361 2524 Sed
412 2488 577 2524 ulterius
622 2490 670 2524 de
714 2488 863 2524 moveri
912 2496 948 2523 et
1000 2486 1088 2523 aliis
1134 2483 1538 2521 denominacionibus
1572 2484 1807 2546 augtssgenissoe

226 2545 542 2582 accidentalibus
582 2550 639 2584 2m
675 2555 847 2593 partem,
894 2545 1049 2593 reliqua
1095 2552 1208 2591 parte
1252 2542 1436 2590 opposite
1481 2542 1539 2578 in·
1623 2555 1743 2581 serious

226 2604 412 2650 formata,
466 2613 522 2640 est
575 2604 789 2640 difficultas
842 2602 1086 2652 perplexior,
1140 2610 1194 2647 ut,
1244 2600 1377 2649 posito
1429 2601 1538 2648 quod
1560 2589 1821 2651 diffiffletffilffiffm

226 2661 432 2697 brachium
474 2674 606 2698 meum
651 2674 722 2710 per
765 2670 892 2698 totum
942 2668 1167 2696 moveretur
1211 2658 1406 2705 localiter,
1451 2667 1537 2694 toto
1554 2658 1656 2687 Wnen
1678 2667 1728 2695 my
1749 2667 1814 2686 arm

1584 2702 1700 2728 moves,
1723 2694 1797 2721 does

1614 2729 1664 2755 the
1684 2729 1767 2756 trull]

294 2862 323 2886 4.
346 2858 369 2879 1S
396 2852 435 2886 133
458 2853 495 2880 ih.
517 2854 542 2879 z'
563 2853 595 2880 B.
687 2859 714 2886 9.
737 2858 766 2878 20
785 2859 848 2887 pro
869 2855 913 2878 est
934 2851 977 2877 sic
998 2850 1031 2877 B.
1122 2848 1167 2884 37.
1189 2850 1306 2876 aduflfl‘?
1330 2850 1361 2876 B.
