2051 3327
227 237 302 274 108

223 633 357 666 Resides,
379 633 407 659 in
429 632 489 658 this

224 670 299 695 view
321 666 495 700 circularity

261 702 318 729 and
341 702 460 736 cnrvity

278 737 379 764 would
405 737 439 763 be

240 772 393 805 identical,
414 771 473 797 and

252 815 284 833 as
305 807 341 834 all
363 806 469 832 circles

267 849 317 868 are
337 841 458 875 equally

258 876 398 908 circnlar,
419 876 455 902 all

241 918 349 937 curves
369 910 473 937 would

284 946 318 972 be
339 946 437 979 equal,

238 980 296 1006 and
318 980 368 1006 the
388 980 480 1007 circle

279 1014 382 1041 would
406 1015 440 1041 be

255 1057 339 1076 more
359 1049 471 1076 curved

245 1085 316 1111 than
339 1092 398 1120 any
417 1092 475 1111 one

268 1119 302 1145 of
320 1120 357 1145 its
378 1127 456 1153 arcs,

305 1158 355 1189 yet
376 1153 420 1180 in-

231 1188 500 1223 commensurably

335 1232 387 1257 so;

244 1259 293 1286 but
316 1259 365 1285 the
386 1258 477 1284 semi-

229 1294 317 1320 circle
339 1293 441 1320 would
466 1293 500 1319 be

253 1336 285 1354 as
306 1328 419 1355 curved
441 1336 474 1354 as

278 1363 326 1389 tlle
347 1363 447 1389 circle.

240 1676 410 1704 Curvature
430 1677 485 1703 lias

237 1720 274 1738 no
296 1711 496 1747 quantitative

271 1751 338 1782 part
358 1746 393 1773 of
409 1746 460 1773 the

248 1789 331 1808 same
353 1785 475 1813 nature:

242 1817 293 1842 bnt
315 1817 336 1843 it
357 1816 382 1842 is
404 1816 493 1843 made

264 1859 303 1885 up
325 1852 358 1877 ot'
377 1859 469 1886 many

294 1886 435 1912 different

257 1928 468 1947 curvenesscs.

245 1955 276 1982 ln
300 1955 373 1982 each
396 1956 481 1990 point

255 1992 441 2024 composing
462 1998 478 2016 a

263 2033 356 2051 curve
376 2025 462 2052 there

273 2060 299 2085 is
319 2060 369 2086 the
390 2060 464 2086 least

300 2094 436 2129 possible

282 2128 448 2163 subjective

276 2172 452 2197 cnrveness,

249 2199 349 2225 which
372 2200 478 2233 partial

258 2233 425 2268 principles
446 2235 480 2261 of

249 2268 298 2294 the
318 2276 410 2295 curve
431 2277 481 2296 are

266 2304 462 2338 everywhere

254 2338 357 2364 united
380 2339 409 2365 in
432 2339 480 2365 the

313 2374 416 2400 circle.

937 243 1160 274 JOHANNIS
1191 242 1371 274 WYCLlF
1653 240 1743 268 CAP.
1766 240 1817 267 IX.

509 359 619 399 patet
661 348 878 395 conclusio,
925 361 1015 385 cum
1059 348 1190 385 omnis
1230 348 1336 385 linea
1376 348 1432 385 sic
1471 360 1570 397 eque
1610 361 1730 385 curva
1770 348 1820 385 sit

510 408 644 456 aliqua
678 407 855 444 eiusdem
889 419 995 454 pars,
1030 415 1067 442 et
1100 406 1265 455 quilibet
1298 407 1467 454 angulus
1500 415 1640 443 acutus
1674 406 1820 443 rectili-

508 478 605 502 neus
646 465 695 501 sit
734 464 896 502 acucior
937 465 1084 513 angulo
1129 477 1251 512 supra
1295 477 1447 501 arcum.
1495 466 1620 501 Casus
1663 464 1820 501 videtur

509 522 724 572 possibilis,
787 535 877 559 cum
923 522 1028 559 linea
1077 535 1158 558 non
1202 530 1334 570 potest
1386 524 1607 559 secundum
1662 531 1819 570 partem

511 580 681 627 curvari,
717 579 793 617 nisi
827 593 952 628 usque
987 581 1035 616 ad
1071 588 1265 628 punctum
1297 580 1519 617 terminans
1556 580 1762 617 exclusive.
1839 583 1854 614 5

573 639 615 675 30
657 638 722 675 Sic
758 638 935 687 quelibet
969 638 1217 675 circularitas
1256 646 1313 674 est
1346 650 1417 686 per
1448 651 1488 674 se
1521 638 1708 685 curvitas,
1754 639 1821 674 sed

513 697 621 733 nulla
674 696 921 733 circularitas
975 705 1032 733 est
1087 695 1216 732 maior
1260 696 1509 733 circularitas
1562 709 1681 745 quam
1728 708 1822 744 que-

513 755 627 800 libet3
676 767 784 802 ergo,
830 766 903 790 nec
949 754 1076 790 maior
1128 753 1312 790 curvitas.
1362 757 1409 790 Et
1451 754 1507 790 sic
1549 763 1639 790 sunt
1683 766 1823 790 omnes

515 812 654 849 circuli
687 825 788 861 eque
821 811 942 849 curvi.
978 814 1031 848 Ex
1065 825 1144 859 quo
1177 812 1295 860 plane
1318 812 1498 861 sequitur
1521 814 1629 860 quod
1652 811 1823 848 circulus

514 870 564 907 sit
597 870 755 906 curvior
787 870 965 918 qualibet
998 869 1058 905 sui
1092 878 1219 918 parte,
1268 878 1304 906 et
1337 883 1430 918 pars
1462 869 1560 916 eius,
1604 879 1648 906 ut
1682 869 1822 915 maior,
1844 883 1882 903 10

514 928 563 964 sit
597 927 775 974 curvior,
809 937 846 964 et
879 928 988 964 nulla
1022 927 1195 964 curvitas
1228 927 1432 975 porcionis
1466 927 1605 964 circuli
1638 927 1824 975 parifica-

515 986 603 1023 bilis
636 985 787 1023 circulo
820 986 946 1031 alteri,
981 986 1049 1022 sed
1073 986 1181 1034 quod
1210 985 1260 1021 sit
1283 985 1498 1033 proporcio
1534 984 1825 1022 irracionabilis

516 1043 721 1080 curvitatis
767 1043 906 1080 circuli
951 1044 1000 1080 ad
1052 1043 1287 1080 curvitatem
1342 1043 1555 1080 cuiuslibet
1607 1043 1824 1091 porcionis,

516 1102 629 1139 sicud
676 1101 866 1149 trianguli
915 1101 1110 1138 rectilinei
1156 1102 1206 1137 ad
1251 1102 1441 1149 angulum
1489 1101 1744 1138 continencie
1788 1109 1825 1136 et

517 1161 707 1208 angulum
748 1159 822 1195 sibi
863 1159 1117 1208 oppositum3
1163 1161 1244 1205 sed,
1291 1159 1597 1208 quibuscunque
1637 1159 1794 1196 circulis
1820 1154 1823 1211 Ι
1852 1160 1970 1193 B136⁰

517 1217 733 1262 annotatis,
789 1226 941 1254 tantam
977 1217 1213 1254 curvitatem
1249 1216 1456 1253 continent
1488 1217 1743 1264 semicirculi,
1790 1225 1827 1253 et

516 1288 655 1312 omnes
688 1284 780 1312 sunt
804 1275 1039 1312 correlative
1063 1274 1406 1323 proposcionales,
1440 1274 1531 1312 licet
1555 1283 1688 1323 partes
1712 1287 1827 1323 pares

517 1334 758 1371 circulorum
793 1333 1039 1382 inequalium
1075 1333 1290 1381 dispariter
1324 1333 1400 1369 sint
1436 1342 1615 1380 curvate3
1655 1341 1698 1369 ut
1732 1341 1827 1381 puta

516 1392 655 1440 porcio
696 1391 863 1428 minoris
902 1391 1054 1437 circuli⁷
1102 1391 1227 1439 magis
1269 1404 1402 1428 curva.
1449 1392 1526 1428 Sed
1567 1390 1827 1439 recuperacio

517 1459 574 1487 est
608 1452 655 1487 de
690 1449 920 1486 maioritate
953 1449 1274 1497 proporcionalis
1318 1448 1524 1497 porcionis
1559 1448 1723 1486 maioris
1756 1448 1828 1484 mi-
1844 1461 1886 1481 20

516 1508 627 1545 noris
672 1508 825 1545 circuli.
874 1510 1089 1556 Nunquam
1136 1516 1271 1544 tamen
1314 1507 1470 1544 venitur
1517 1508 1566 1544 ad
1614 1507 1827 1555 paritatem

517 1566 723 1603 curvitatis
767 1565 971 1614 porcionis
1016 1564 1155 1602 circuli
1202 1574 1239 1602 et
1278 1565 1512 1602 curvitatem
1555 1565 1828 1613 cuiuscunque

518 1624 670 1670 circuli,
705 1637 795 1660 cum
829 1624 909 1660 sint
941 1623 1112 1672 disparis
1146 1623 1334 1660 racionis.

578 1685 630 1718 Ex
665 1696 743 1731 quo
776 1681 934 1719 videtur
966 1683 1074 1730 quod
1108 1681 1280 1718 curvitas
1314 1681 1452 1718 circuli
1485 1694 1566 1718 non
1599 1682 1720 1718 habet
1738 1694 1828 1729 par-

519 1750 597 1777 tem
625 1740 933 1789 quantitativam
959 1752 1240 1788 omogeneam,
1274 1739 1386 1776 sicud
1409 1752 1482 1776 nec
1506 1738 1701 1788 figuracio
1724 1738 1828 1785 eius3
1844 1741 1884 1773 25

519 1801 587 1835 sed
622 1800 741 1835 habet
773 1798 968 1846 quotlibet
1000 1807 1134 1846 partes
1167 1797 1467 1846 quantitativas,
1509 1810 1585 1846 que
1617 1806 1709 1833 sunt
1742 1810 1830 1834 cur-

518 1857 717 1894 vaciones.
753 1859 800 1893 Et
833 1865 891 1892 est
924 1858 1019 1892 dare
1042 1864 1195 1892 certam
1224 1855 1523 1892 multitudinem
1549 1855 1827 1904 punctualium

519 1918 602 1951 Deo
636 1914 838 1962 cognitam
874 1914 915 1950 in
948 1914 1093 1963 quibus
1126 1915 1176 1950 ad
1211 1913 1424 1949 minimum
1460 1922 1518 1949 est
1553 1913 1719 1949 minima
1744 1926 1830 1949 cur-

518 1973 619 2010 vitas
641 1972 871 2019 subiective,
896 1981 933 2008 et
956 1972 995 2008 in
1019 1972 1199 2020 quolibet
1223 1972 1381 2008 illorum
1407 1980 1670 2020 punctorum;
1704 1980 1740 2007 et
1764 1971 1830 2007 illa

520 2031 692 2068 curvitas
714 2031 848 2067 taliter
864 2030 937 2066 erit
954 2029 1223 2066 multitudine.
1249 2032 1295 2065 Et
1317 2029 1372 2066 sic
1395 2031 1443 2066 ad
1460 2042 1619 2066 omnem
1638 2038 1830 2077 punctum
1846 2033 1888 2065 30

521 2089 657 2126 circuli
705 2088 1007 2125 communicant
1052 2087 1092 2123 in
1131 2087 1212 2123 suis
1257 2087 1467 2135 principiis
1508 2087 1704 2135 pal-ciales
1744 2100 1831 2123 cur-

519 2147 674 2192 vitates,
721 2156 763 2182 ut
802 2146 985 2194 superius
1027 2146 1177 2182 dictum
1221 2154 1277 2181 est
1318 2147 1365 2181 de
1398 2145 1549 2181 formis.
1597 2147 1645 2181 Et
1678 2145 1741 2181 hic
1775 2153 1831 2181 est

521 2207 615 2241 dare
679 2204 894 2240 maximum
960 2204 1152 2240 circulum
1209 2203 1452 2251 possibilem,
1516 2212 1552 2239 et
1604 2203 1830 2249 minimum,

520 2264 748 2311 gradusque
794 2262 996 2298 minorum
1047 2261 1293 2309 punctalium
1342 2263 1424 2296 Deo
1470 2261 1737 2308 cognitorum,
1792 2260 1830 2296 in

520 2321 664 2369 quibus
697 2320 933 2367 consistunt,
976 2321 1071 2356 dato
1105 2319 1254 2355 circulo
1289 2318 1445 2354 minimi
1478 2320 1626 2366 gradus
1659 2318 1831 2355 curvita-
1847 2322 1888 2354 35

520 2388 618 2415 tum.
664 2381 745 2414 Nec
794 2388 851 2414 est
896 2379 1118 2426 putandum
1164 2378 1270 2425 quod
1311 2376 1351 2412 in
1384 2377 1563 2424 quolibet
1596 2375 1829 2424 tripunctali

520 2436 851 2473 circumferencie
886 2435 1024 2472 mundi
1057 2435 1107 2471 sit
1140 2434 1314 2470 curvitas
1347 2434 1577 2480 subiective,
1625 2448 1701 2483 que
1734 2443 1830 2471 tunc

520 2495 621 2531 foret
654 2507 724 2542 per
757 2503 885 2531 totum
919 2506 1075 2530 summe
1108 2505 1250 2540 aspera
1284 2501 1404 2540 atque
1438 2505 1570 2529 curva.
1625 2493 1702 2529 Sed
1735 2492 1830 2529 satis

591 2696 610 2714 ι.
632 2676 700 2713 ΕΒ.
811 2694 850 2720 17.
872 2685 913 2713 sut
936 2687 966 2713 Β.
1097 2685 1136 2718 18,
1159 2693 1200 2719 ις).
1222 2688 1275 2723 ¹¹OE
1298 2691 1391 2718 porco
1413 2684 1444 2710 B.
1581 2691 1621 2719 19.
1651 2684 1771 2723 r’cnfla⁰
1799 2684 1832 2711 Β.

523 2744 1067 2779 15)——21.1nagis—ei1'culilwice;ih.
1086 2749 1194 2783 rcugas*
1218 2742 1249 2768 B.
1329 2750 1375 2776 20,
1391 2743 1493 2768 21.d=·v
1510 2742 1561 2768 [πώ
1579 2742 1608 2769 Β.
1674 2743 1720 2770 26.
1734 2742 1832 2776 quod-

521 2803 602 2835 libet,
621 2802 685 2829 and
702 2811 735 2829 so
756 2811 794 2829 on
816 2810 889 2835 very
908 2802 994 2837 often
1017 2802 1048 2829 Β,
1166 2810 1209 2833 27.
1243 2800 1305 2828 c'ca
1339 2800 1369 2826 Β.
1477 2800 1520 2828 28.
1550 2800 1597 2827 de'
1620 2800 1657 2834 33
1691 2800 1727 2826 ib.
1761 2808 1832 2835 cog-

521 2860 583 2886 nita
604 2860 634 2888 B.
726 2859 772 2887 30.
793 2852 865 2888 <fater
885 2860 935 2895 Β.;
958 2861 995 2887 ib.
1018 2864 1045 2886 et
1066 2859 1098 2886 B.
1189 2858 1232 2894 37,
1255 2844 1374 2895 sbffiqg
1395 2859 1425 2885 Β.
