<?xml version="1.0" encoding="UTF-8"?>
<!DOCTYPE html PUBLIC "-//W3C//DTD XHTML 1.0 Transitional//EN"
    "http://www.w3.org/TR/xhtml1/DTD/xhtml1-transitional.dtd">
<html xmlns="http://www.w3.org/1999/xhtml" xml:lang="en" lang="en">
 <head>
  <title>
</title>
<meta http-equiv="Content-Type" content="text/html;charset=utf-8" />
  <meta name='ocr-system' content='tesseract 3.04.00' />
  <meta name='ocr-capabilities' content='ocr_page ocr_carea ocr_par ocr_line ocrx_word'/>
</head>
<body>
  <div class='ocr_page' id='page_1' title='image "./tractatusdelogic03wycl_0223.png"; bbox 0 0 2051 3327; ppageno 0'>
   <div class='ocr_carea' id='block_1_1' title="bbox 189 218 1783 258">
    <p class='ocr_par' dir='ltr' id='par_1_1' title="bbox 189 218 1783 258">
     <span class='ocr_line' id='line_1_1' title="bbox 189 218 1783 258; baseline 0.008 -12"><span class='ocrx_word' id='word_1_1' title='bbox 189 218 279 246; x_wconf 77' lang='lat' dir='ltr'>CAP.</span> <span class='ocrx_word' id='word_1_2' title='bbox 300 219 335 246; x_wconf 84' lang='grc' dir='ltr'>Χ,</span> <span class='ocrx_word' id='word_1_3' title='bbox 754 225 939 257; x_wconf 33' lang='grc' dir='ltr'>ῙΛΟΟῙΕΑ,</span> <span class='ocrx_word' id='word_1_4' title='bbox 1713 221 1783 258; x_wconf 86' lang='lat'>181</span> 
     </span>
    </p>
   </div>
   <div class='ocr_carea' id='block_1_2' title="bbox 186 328 1499 426">
    <p class='ocr_par' dir='ltr' id='par_1_2' title="bbox 186 328 1499 426">
     <span class='ocr_line' id='line_1_2' title="bbox 186 328 1499 382; baseline 0.005 -18"><span class='ocrx_word' id='word_1_5' title='bbox 186 341 247 364; x_wconf 85' lang='lat' dir='ltr'>res</span> <span class='ocrx_word' id='word_1_6' title='bbox 280 328 410 365; x_wconf 88' lang='lat' dir='ltr'>subite</span> <span class='ocrx_word' id='word_1_7' title='bbox 443 329 527 366; x_wconf 90' lang='lat' dir='ltr'>sine</span> <span class='ocrx_word' id='word_1_8' title='bbox 559 330 825 377; x_wconf 80' lang='lat' dir='ltr'>successione,</span> <span class='ocrx_word' id='word_1_9' title='bbox 872 340 914 368; x_wconf 90' lang='lat' dir='ltr'>ut</span> <span class='ocrx_word' id='word_1_10' title='bbox 947 344 1008 368; x_wconf 91' lang='lat' dir='ltr'>res</span> <span class='ocrx_word' id='word_1_11' title='bbox 1051 333 1296 381; x_wconf 85' lang='lat' dir='ltr'>temporales</span> <span class='ocrx_word' id='word_1_12' title='bbox 1330 346 1407 382; x_wconf 89' lang='lat' dir='ltr'>que</span> <span class='ocrx_word' id='word_1_13' title='bbox 1440 333 1499 370; x_wconf 89' lang='lat' dir='ltr'>in-</span> 
     </span>
     <span class='ocr_line' id='line_1_3' title="bbox 186 387 413 426; baseline 0.013 -4"><span class='ocrx_word' id='word_1_14' title='bbox 186 387 413 426; x_wconf 88' lang='lat' dir='ltr'>cluduntur.</span> 
     </span>
    </p>
   </div>
   <div class='ocr_carea' id='block_1_3' title="bbox 242 445 1754 497">
    <p class='ocr_par' dir='ltr' id='par_1_3' title="bbox 242 445 1754 497">
     <span class='ocr_line' id='line_1_4' title="bbox 242 445 1754 497; baseline 0.004 -16"><span class='ocrx_word' id='word_1_15' title='bbox 242 448 297 481; x_wconf 85' lang='lat' dir='ltr'>Ex</span> <span class='ocrx_word' id='word_1_16' title='bbox 329 445 417 482; x_wconf 86' lang='lat' dir='ltr'>istis</span> <span class='ocrx_word' id='word_1_17' title='bbox 440 454 551 494; x_wconf 87' lang='lat' dir='ltr'>patet</span> <span class='ocrx_word' id='word_1_18' title='bbox 582 446 691 493; x_wconf 90' lang='lat' dir='ltr'>quod</span> <span class='ocrx_word' id='word_1_19' title='bbox 719 446 844 482; x_wconf 88' lang='lat' dir='ltr'>nichil</span> <span class='ocrx_word' id='word_1_20' title='bbox 873 456 930 483; x_wconf 90' lang='lat' dir='ltr'>est</span> <span class='ocrx_word' id='word_1_21' title='bbox 971 447 1313 495; x_wconf 86' lang='lat' dir='ltr'>[in]determinate</span> <span class='ocrx_word' id='word_1_22' title='bbox 1343 462 1495 493; x_wconf 86' lang='lat' dir='ltr'>verum,</span> <span class='ocrx_word' id='word_1_23' title='bbox 1547 467 1648 496; x_wconf 80' lang='lat' dir='ltr'>There</span> <span class='ocrx_word' id='word_1_24' title='bbox 1668 470 1693 497; x_wconf 79' lang='lat' dir='ltr'>is</span> <span class='ocrx_word' id='word_1_25' title='bbox 1714 478 1754 497; x_wconf 87' lang='lat' dir='ltr'>no</span> 
     </span>
    </p>
   </div>
   <div class='ocr_carea' id='block_1_4' title="bbox 185 503 1771 568">
    <p class='ocr_par' dir='ltr' id='par_1_4' title="bbox 185 503 1771 568">
     <span class='ocr_line' id='line_1_5' title="bbox 185 503 1771 568; baseline 0.004 -29"><span class='ocrx_word' id='word_1_26' title='bbox 185 503 279 552; x_wconf 88' lang='lat' dir='ltr'>quia</span> <span class='ocrx_word' id='word_1_27' title='bbox 313 516 432 540; x_wconf 89' lang='lat' dir='ltr'>omne</span> <span class='ocrx_word' id='word_1_28' title='bbox 466 503 702 551; x_wconf 76' lang='lat' dir='ltr'>contingens</span> <span class='ocrx_word' id='word_1_29' title='bbox 735 505 796 540; x_wconf 93' lang='lat' dir='ltr'>vel</span> <span class='ocrx_word' id='word_1_30' title='bbox 828 514 887 541; x_wconf 91' lang='lat' dir='ltr'>est</span> <span class='ocrx_word' id='word_1_31' title='bbox 911 506 1224 542; x_wconf 86' lang='lat' dir='ltr'>determinatum</span> <span class='ocrx_word' id='word_1_32' title='bbox 1259 520 1281 544; x_wconf 91' lang='lat' dir='ltr'>a</span> <span class='ocrx_word' id='word_1_33' title='bbox 1315 508 1401 554; x_wconf 87' lang='lat' dir='ltr'>deo,</span> <span class='ocrx_word' id='word_1_34' title='bbox 1435 508 1497 544; x_wconf 91' lang='lat' dir='ltr'>vel</span> <span class='ocrx_word' id='word_1_35' title='bbox 1529 504 1771 568; x_wconf 44' lang='lat' dir='ltr'>{ffifgtgfflgignsstse</span> 
     </span>
    </p>
   </div>
   <div class='ocr_carea' id='block_1_5' title="bbox 151 560 1782 682">
    <p class='ocr_par' dir='ltr' id='par_1_5' title="bbox 151 560 1782 682">
     <span class='ocr_line' id='line_1_6' title="bbox 151 560 1708 614; baseline 0.004 -17"><span class='ocrx_word' id='word_1_36' title='bbox 151 560 430 598; x_wconf 65' lang='lat' dir='ltr'>§convertitur</span> <span class='ocrx_word' id='word_1_37' title='bbox 463 575 554 598; x_wconf 90' lang='lat' dir='ltr'>cum</span> <span class='ocrx_word' id='word_1_38' title='bbox 589 562 860 599; x_wconf 88' lang='lat' dir='ltr'>determinato</span> <span class='ocrx_word' id='word_1_39' title='bbox 894 576 916 599; x_wconf 89' lang='lat' dir='ltr'>a</span> <span class='ocrx_word' id='word_1_40' title='bbox 950 565 1039 601; x_wconf 93' lang='lat' dir='ltr'>deo.</span> <span class='ocrx_word' id='word_1_41' title='bbox 1085 566 1167 601; x_wconf 92' lang='lat' dir='ltr'>Nec</span> <span class='ocrx_word' id='word_1_42' title='bbox 1199 574 1398 613; x_wconf 86' lang='lat' dir='ltr'>repugnat</span> <span class='ocrx_word' id='word_1_43' title='bbox 1429 578 1496 602; x_wconf 90' lang='lat' dir='ltr'>ne-</span> <span class='ocrx_word' id='word_1_44' title='bbox 1598 575 1708 614; x_wconf 50' lang='lat' dir='ltr'>truth„</span> 
     </span>
     <span class='ocr_line' id='line_1_7' title="bbox 184 608 1782 682; baseline 0.004 -27"><span class='ocrx_word' id='word_1_45' title='bbox 184 619 401 656; x_wconf 87' lang='lat' dir='ltr'>cessarium</span> <span class='ocrx_word' id='word_1_46' title='bbox 455 633 499 656; x_wconf 85' lang='lat' dir='ltr'>ex</span> <span class='ocrx_word' id='word_1_47' title='bbox 531 619 815 667; x_wconf 89' lang='lat' dir='ltr'>supposicione</span> <span class='ocrx_word' id='word_1_48' title='bbox 849 633 935 657; x_wconf 86' lang='lat' dir='ltr'>esse</span> <span class='ocrx_word' id='word_1_49' title='bbox 975 621 1225 670; x_wconf 79' lang='lat' dir='ltr'>contingen5‚</span> <span class='ocrx_word' id='word_1_50' title='bbox 1280 636 1368 660; x_wconf 88' lang='lat' dir='ltr'>cum</span> <span class='ocrx_word' id='word_1_51' title='bbox 1404 636 1496 660; x_wconf 88' lang='lat' dir='ltr'>con-</span> <span class='ocrx_word' id='word_1_52' title='bbox 1523 608 1782 682; x_wconf 38' lang='lat' dir='ltr'>nzlgteztgitgetssscagy</span> 
     </span>
    </p>
   </div>
   <div class='ocr_carea' id='block_1_6' title="bbox 182 677 1744 750">
    <p class='ocr_par' dir='ltr' id='par_1_6' title="bbox 182 677 1744 750">
     <span class='ocr_line' id='line_1_8' title="bbox 182 677 1744 750; baseline 0.004 -37"><span class='ocrx_word' id='word_1_53' title='bbox 182 677 342 726; x_wconf 81' lang='lat' dir='ltr'>tingens</span> <span class='ocrx_word' id='word_1_54' title='bbox 393 677 443 714; x_wconf 89' lang='lat' dir='ltr'>sit</span> <span class='ocrx_word' id='word_1_55' title='bbox 494 678 593 714; x_wconf 91' lang='lat' dir='ltr'>illud</span> <span class='ocrx_word' id='word_1_56' title='bbox 639 679 748 726; x_wconf 91' lang='lat' dir='ltr'>quod</span> <span class='ocrx_word' id='word_1_57' title='bbox 792 691 866 725; x_wconf 89' lang='lat' dir='ltr'>pro</span> <span class='ocrx_word' id='word_1_58' title='bbox 900 678 1035 727; x_wconf 85' lang='lat' dir='ltr'>aliqua</span> <span class='ocrx_word' id='word_1_59' title='bbox 1080 692 1268 717; x_wconf 88' lang='lat' dir='ltr'>mensura</span> <span class='ocrx_word' id='word_1_60' title='bbox 1312 694 1393 718; x_wconf 91' lang='lat' dir='ltr'>non</span> <span class='ocrx_word' id='word_1_61' title='bbox 1439 691 1496 718; x_wconf 89' lang='lat' dir='ltr'>est</span> <span class='ocrx_word' id='word_1_62' title='bbox 1546 686 1744 750; x_wconf 38' lang='lat' dir='ltr'>ngtffifjffitso</span> 
     </span>
    </p>
   </div>
   <div class='ocr_carea' id='block_1_7' title="bbox 183 735 1756 786">
    <p class='ocr_par' dir='ltr' id='par_1_7' title="bbox 183 735 1756 786">
     <span class='ocr_line' id='line_1_9' title="bbox 183 735 1756 786; baseline 0.004 -15"><span class='ocrx_word' id='word_1_63' title='bbox 183 736 316 772; x_wconf 86' lang='lat' dir='ltr'>modo.</span> <span class='ocrx_word' id='word_1_64' title='bbox 370 738 460 772; x_wconf 92' lang='lat' dir='ltr'>Non</span> <span class='ocrx_word' id='word_1_65' title='bbox 503 735 703 784; x_wconf 88' lang='lat' dir='ltr'>sequitur:</span> <span class='ocrx_word' id='word_1_66' title='bbox 752 748 828 784; x_wconf 80' lang='lat' dir='ltr'>pro</span> <span class='ocrx_word' id='word_1_67' title='bbox 876 736 948 772; x_wconf 81' lang='lat' dir='ltr'>ista</span> <span class='ocrx_word' id='word_1_68' title='bbox 993 750 1173 774; x_wconf 73' lang='lat' dir='ltr'>mensura</span> <span class='ocrx_word' id='word_1_69' title='bbox 1207 739 1277 775; x_wconf 84' lang='lat' dir='ltr'>hoc</span> <span class='ocrx_word' id='word_1_70' title='bbox 1309 751 1382 775; x_wconf 84' lang='lat' dir='ltr'>non</span> <span class='ocrx_word' id='word_1_71' title='bbox 1415 747 1499 785; x_wconf 77' lang='lat' dir='ltr'>est;</span> <span class='ocrx_word' id='word_1_72' title='bbox 1540 749 1756 786; x_wconf 80' lang='lat' dir='ltr'>contingcncy.</span> 
     </span>
    </p>
   </div>
   <div class='ocr_carea' id='block_1_8' title="bbox 181 782 1763 848">
    <p class='ocr_par' dir='ltr' id='par_1_8' title="bbox 181 782 1763 848">
     <span class='ocr_line' id='line_1_10' title="bbox 181 782 1763 848; baseline 0.004 -20"><span class='ocrx_word' id='word_1_73' title='bbox 181 792 315 841; x_wconf 86' lang='lat' dir='ltr'>igitur,</span> <span class='ocrx_word' id='word_1_74' title='bbox 348 794 420 830; x_wconf 86' lang='lat' dir='ltr'>hoc</span> <span class='ocrx_word' id='word_1_75' title='bbox 442 807 514 830; x_wconf 88' lang='lat' dir='ltr'>non</span> <span class='ocrx_word' id='word_1_76' title='bbox 538 801 614 839; x_wconf 53' lang='grc' dir='ltr'>ειη,-</span> <span class='ocrx_word' id='word_1_77' title='bbox 645 792 739 842; x_wconf 89' lang='lat' dir='ltr'>quia</span> <span class='ocrx_word' id='word_1_78' title='bbox 763 793 997 841; x_wconf 88' lang='lat' dir='ltr'>inpossibile</span> <span class='ocrx_word' id='word_1_79' title='bbox 1021 804 1078 832; x_wconf 89' lang='lat' dir='ltr'>est</span> <span class='ocrx_word' id='word_1_80' title='bbox 1101 795 1254 844; x_wconf 88' lang='lat' dir='ltr'>aliquid</span> <span class='ocrx_word' id='word_1_81' title='bbox 1288 798 1395 845; x_wconf 86' lang='lat' dir='ltr'>quod</span> <span class='ocrx_word' id='word_1_82' title='bbox 1420 797 1494 834; x_wconf 90' lang='lat' dir='ltr'>erit</span> <span class='ocrx_word' id='word_1_83' title='bbox 1520 782 1763 848; x_wconf 45' lang='lat' dir='ltr'>*ygiscffffizttss</span> 
     </span>
    </p>
   </div>
   <div class='ocr_carea' id='block_1_9' title="bbox 127 851 1774 959">
    <p class='ocr_par' dir='ltr' id='par_1_9' title="bbox 127 851 1774 959">
     <span class='ocr_line' id='line_1_11' title="bbox 127 851 1754 918; baseline 0.001 -30"><span class='ocrx_word' id='word_1_84' title='bbox 127 860 166 880; x_wconf 89' lang='lat'>10</span> <span class='ocrx_word' id='word_1_85' title='bbox 180 852 241 888; x_wconf 89' lang='lat' dir='ltr'>vel</span> <span class='ocrx_word' id='word_1_86' title='bbox 263 851 337 888; x_wconf 84' lang='lat' dir='ltr'>fuit</span> <span class='ocrx_word' id='word_1_87' title='bbox 353 851 590 900; x_wconf 86' lang='lat' dir='ltr'>simpliciter</span> <span class='ocrx_word' id='word_1_88' title='bbox 604 864 686 888; x_wconf 89' lang='lat' dir='ltr'>non</span> <span class='ocrx_word' id='word_1_89' title='bbox 705 863 801 887; x_wconf 89' lang='lat' dir='ltr'>esse.</span> <span class='ocrx_word' id='word_1_90' title='bbox 828 852 1043 896; x_wconf 85' lang='lat' dir='ltr'>Quondam</span> <span class='ocrx_word' id='word_1_91' title='bbox 1068 862 1204 890; x_wconf 89' lang='lat' dir='ltr'>tamen</span> <span class='ocrx_word' id='word_1_92' title='bbox 1219 864 1423 902; x_wconf 87' lang='lat' dir='ltr'>putassem</span> <span class='ocrx_word' id='word_1_93' title='bbox 1440 855 1496 892; x_wconf 87' lang='lat' dir='ltr'>sic</span> <span class='ocrx_word' id='word_1_94' title='bbox 1545 862 1561 880; x_wconf 86' lang='lat' dir='ltr'>a</span> <span class='ocrx_word' id='word_1_95' title='bbox 1580 855 1754 918; x_wconf 36' lang='lat' dir='ltr'>thinghthat·</span> 
     </span>
     <span class='ocr_line' id='line_1_12' title="bbox 182 895 1774 959; baseline 0.004 -14"><span class='ocrx_word' id='word_1_96' title='bbox 182 908 379 946; x_wconf 87' lang='lat' dir='ltr'>dicentem</span> <span class='ocrx_word' id='word_1_97' title='bbox 415 909 605 956; x_wconf 82' lang='lat' dir='ltr'>insanire,</span> <span class='ocrx_word' id='word_1_98' title='bbox 639 908 733 958; x_wconf 86' lang='lat' dir='ltr'>quia</span> <span class='ocrx_word' id='word_1_99' title='bbox 758 918 910 945; x_wconf 82' lang='lat' dir='ltr'>mentes</span> <span class='ocrx_word' id='word_1_100' title='bbox 933 909 1121 947; x_wconf 89' lang='lat' dir='ltr'>iuvenum</span> <span class='ocrx_word' id='word_1_101' title='bbox 1146 911 1304 959; x_wconf 84' lang='lat' dir='ltr'>infecte,</span> <span class='ocrx_word' id='word_1_102' title='bbox 1339 922 1377 949; x_wconf 91' lang='lat' dir='ltr'>et</span> <span class='ocrx_word' id='word_1_103' title='bbox 1410 926 1496 950; x_wconf 89' lang='lat' dir='ltr'>cor-</span> <span class='ocrx_word' id='word_1_104' title='bbox 1522 895 1728 952; x_wconf 27' lang='lat' dir='ltr'>wastgrgetat</span> <span class='ocrx_word' id='word_1_105' title='bbox 1748 900 1774 919; x_wconf 73' lang='lat'>¹⁵</span> 
     </span>
    </p>
   </div>
   <div class='ocr_carea' id='block_1_10' title="bbox 179 959 1787 1031">
    <p class='ocr_par' dir='ltr' id='par_1_10' title="bbox 179 959 1787 1031">
     <span class='ocr_line' id='line_1_13' title="bbox 179 959 1787 1031; baseline 0.003 -28"><span class='ocrx_word' id='word_1_106' title='bbox 179 967 379 1015; x_wconf 88' lang='lat' dir='ltr'>poralium</span> <span class='ocrx_word' id='word_1_107' title='bbox 424 968 714 1004; x_wconf 83' lang='lat' dir='ltr'>fantasmatum</span> <span class='ocrx_word' id='word_1_108' title='bbox 764 967 1034 1005; x_wconf 83' lang='lat' dir='ltr'>mutabilitate</span> <span class='ocrx_word' id='word_1_109' title='bbox 1067 970 1195 1017; x_wconf 84' lang='lat' dir='ltr'>plene,</span> <span class='ocrx_word' id='word_1_110' title='bbox 1248 983 1329 1007; x_wconf 89' lang='lat' dir='ltr'>non</span> <span class='ocrx_word' id='word_1_111' title='bbox 1363 959 1787 1031; x_wconf 51' lang='lat' dir='ltr'>conci-t{,{’tnt‘{1‘}stg¹g}¹tfifg{1</span> 
     </span>
    </p>
   </div>
   <div class='ocr_carea' id='block_1_11' title="bbox 178 1024 1767 1134">
    <p class='ocr_par' dir='ltr' id='par_1_11' title="bbox 178 1024 1767 1134">
     <span class='ocr_line' id='line_1_14' title="bbox 178 1024 1766 1091; baseline 0.003 -30"><span class='ocrx_word' id='word_1_112' title='bbox 178 1024 293 1073; x_wconf 86' lang='lat' dir='ltr'>piunt</span> <span class='ocrx_word' id='word_1_113' title='bbox 326 1025 581 1074; x_wconf 85' lang='lat' dir='ltr'>prioritatem</span> <span class='ocrx_word' id='word_1_114' title='bbox 617 1035 655 1062; x_wconf 90' lang='lat' dir='ltr'>et</span> <span class='ocrx_word' id='word_1_115' title='bbox 688 1024 995 1062; x_wconf 80' lang='lat' dir='ltr'>co&#39;e‘xistenciam</span> <span class='ocrx_word' id='word_1_116' title='bbox 1023 1027 1247 1064; x_wconf 87' lang='lat' dir='ltr'>eternitatis</span> <span class='ocrx_word' id='word_1_117' title='bbox 1281 1041 1372 1065; x_wconf 85' lang='lat' dir='ltr'>cum</span> <span class='ocrx_word' id='word_1_118' title='bbox 1395 1038 1495 1065; x_wconf 88' lang='lat' dir='ltr'>tern-</span> <span class='ocrx_word' id='word_1_119' title='bbox 1522 1031 1766 1091; x_wconf 22' lang='lat' dir='ltr'>vzaslmaldness,</span> 
     </span>
     <span class='ocr_line' id='line_1_15' title="bbox 178 1065 1767 1134; baseline 0.006 -15"><span class='ocrx_word' id='word_1_120' title='bbox 178 1096 289 1131; x_wconf 86' lang='lat' dir='ltr'>pore.</span> <span class='ocrx_word' id='word_1_121' title='bbox 337 1085 386 1120; x_wconf 86' lang='lat' dir='ltr'>Et</span> <span class='ocrx_word' id='word_1_122' title='bbox 418 1085 494 1120; x_wconf 91' lang='lat' dir='ltr'>hoc</span> <span class='ocrx_word' id='word_1_123' title='bbox 538 1083 633 1120; x_wconf 89' lang='lat' dir='ltr'>facit</span> <span class='ocrx_word' id='word_1_124' title='bbox 664 1083 951 1132; x_wconf 85' lang='lat' dir='ltr'>philosophum</span> <span class='ocrx_word' id='word_1_125' title='bbox 994 1086 1189 1122; x_wconf 88' lang='lat' dir='ltr'>mundum</span> <span class='ocrx_word' id='word_1_126' title='bbox 1223 1099 1372 1134; x_wconf 90' lang='lat' dir='ltr'>ponere</span> <span class='ocrx_word' id='word_1_127' title='bbox 1405 1099 1495 1123; x_wconf 86' lang='lat' dir='ltr'>coe·</span> <span class='ocrx_word' id='word_1_128' title='bbox 1522 1065 1767 1127; x_wconf 48' lang='lat' dir='ltr'>uggersizi‘idmitt.</span> 
     </span>
    </p>
   </div>
   <div class='ocr_carea' id='block_1_12' title="bbox 126 1134 1751 1201">
    <p class='ocr_par' dir='ltr' id='par_1_12' title="bbox 126 1134 1751 1201">
     <span class='ocr_line' id='line_1_16' title="bbox 126 1134 1751 1201; baseline 0.004 -25"><span class='ocrx_word' id='word_1_129' title='bbox 126 1144 162 1176; x_wconf 77' lang='lat'>15</span> <span class='ocrx_word' id='word_1_130' title='bbox 178 1150 337 1178; x_wconf 89' lang='lat' dir='ltr'>ternum</span> <span class='ocrx_word' id='word_1_131' title='bbox 373 1143 460 1187; x_wconf 86' lang='lat' dir='ltr'>deo,</span> <span class='ocrx_word' id='word_1_132' title='bbox 515 1151 552 1178; x_wconf 90' lang='lat' dir='ltr'>et</span> <span class='ocrx_word' id='word_1_133' title='bbox 584 1141 695 1190; x_wconf 91' lang='lat' dir='ltr'>loqui</span> <span class='ocrx_word' id='word_1_134' title='bbox 729 1142 854 1178; x_wconf 84' lang='lat' dir='ltr'>multa</span> <span class='ocrx_word' id='word_1_135' title='bbox 902 1141 1184 1190; x_wconf 88' lang='lat' dir='ltr'>impossibilia.</span> <span class='ocrx_word' id='word_1_136' title='bbox 1232 1146 1314 1180; x_wconf 90' lang='lat' dir='ltr'>Nec</span> <span class='ocrx_word' id='word_1_137' title='bbox 1346 1144 1403 1181; x_wconf 90' lang='lat' dir='ltr'>sic</span> <span class='ocrx_word' id='word_1_138' title='bbox 1436 1154 1494 1182; x_wconf 91' lang='lat' dir='ltr'>est</span> <span class='ocrx_word' id='word_1_139' title='bbox 1538 1134 1751 1201; x_wconf 45' lang='lat' dir='ltr'>h232v¹2¹s¹15ss²e</span> 
     </span>
    </p>
   </div>
   <div class='ocr_carea' id='block_1_13' title="bbox 177 1199 1749 1310">
    <p class='ocr_par' dir='ltr' id='par_1_13' title="bbox 177 1199 1749 1310">
     <span class='ocr_line' id='line_1_17' title="bbox 177 1199 1749 1266; baseline 0.003 -30"><span class='ocrx_word' id='word_1_140' title='bbox 177 1200 440 1248; x_wconf 88' lang='lat' dir='ltr'>loquendum,</span> <span class='ocrx_word' id='word_1_141' title='bbox 474 1199 550 1236; x_wconf 91' lang='lat' dir='ltr'>nisi</span> <span class='ocrx_word' id='word_1_142' title='bbox 582 1201 705 1236; x_wconf 85' lang='lat' dir='ltr'>homo</span> <span class='ocrx_word' id='word_1_143' title='bbox 738 1199 857 1235; x_wconf 89' lang='lat' dir='ltr'>fuerit</span> <span class='ocrx_word' id='word_1_144' title='bbox 891 1200 1020 1248; x_wconf 81' lang='lat' dir='ltr'>magis</span> <span class='ocrx_word' id='word_1_145' title='bbox 1044 1201 1281 1238; x_wconf 87' lang='lat' dir='ltr'>exercitatus</span> <span class='ocrx_word' id='word_1_146' title='bbox 1313 1202 1354 1238; x_wconf 90' lang='lat' dir='ltr'>in</span> <span class='ocrx_word' id='word_1_147' title='bbox 1387 1203 1493 1250; x_wconf 80' lang='lat' dir='ltr'>posi·</span> <span class='ocrx_word' id='word_1_148' title='bbox 1543 1204 1610 1266; x_wconf 51' lang='grc' dir='ltr'>ΜΕ</span> <span class='ocrx_word' id='word_1_149' title='bbox 1630 1204 1749 1243; x_wconf 64' lang='lat' dir='ltr'>trained</span> 
     </span>
     <span class='ocr_line' id='line_1_18' title="bbox 179 1241 1731 1310; baseline 0.006 -17"><span class='ocrx_word' id='word_1_150' title='bbox 179 1257 305 1296; x_wconf 90' lang='lat' dir='ltr'>cione.</span> <span class='ocrx_word' id='word_1_151' title='bbox 341 1260 464 1295; x_wconf 86' lang='lat' dir='ltr'>Error</span> <span class='ocrx_word' id='word_1_152' title='bbox 497 1257 603 1294; x_wconf 89' lang='lat' dir='ltr'>enim</span> <span class='ocrx_word' id='word_1_153' title='bbox 647 1257 764 1293; x_wconf 89' lang='lat' dir='ltr'>huius</span> <span class='ocrx_word' id='word_1_154' title='bbox 797 1257 925 1305; x_wconf 85' lang='lat' dir='ltr'>logice</span> <span class='ocrx_word' id='word_1_155' title='bbox 970 1258 1064 1295; x_wconf 86' lang='lat' dir='ltr'>facit</span> <span class='ocrx_word' id='word_1_156' title='bbox 1106 1260 1253 1296; x_wconf 89' lang='lat' dir='ltr'>multos</span> <span class='ocrx_word' id='word_1_157' title='bbox 1287 1272 1420 1297; x_wconf 87' lang='lat' dir='ltr'>errare</span> <span class='ocrx_word' id='word_1_158' title='bbox 1452 1261 1492 1297; x_wconf 91' lang='lat' dir='ltr'>in</span> <span class='ocrx_word' id='word_1_159' title='bbox 1560 1241 1731 1310; x_wconf 53' lang='lat' dir='ltr'>usissigoiiiis</span> 
     </span>
    </p>
   </div>
   <div class='ocr_carea' id='block_1_14' title="bbox 178 1309 1760 1380">
    <p class='ocr_par' dir='ltr' id='par_1_14' title="bbox 178 1309 1760 1380">
     <span class='ocr_line' id='line_1_19' title="bbox 178 1309 1760 1380; baseline 0.003 -29"><span class='ocrx_word' id='word_1_160' title='bbox 178 1315 345 1352; x_wconf 86' lang='lat' dir='ltr'>materia</span> <span class='ocrx_word' id='word_1_161' title='bbox 394 1318 442 1353; x_wconf 93' lang='lat' dir='ltr'>de</span> <span class='ocrx_word' id='word_1_162' title='bbox 475 1315 714 1353; x_wconf 81' lang='lat' dir='ltr'>necessitate</span> <span class='ocrx_word' id='word_1_163' title='bbox 754 1315 994 1352; x_wconf 86' lang='lat' dir='ltr'>futurorum.</span> <span class='ocrx_word' id='word_1_164' title='bbox 1047 1317 1193 1354; x_wconf 86' lang='lat' dir='ltr'>Putant</span> <span class='ocrx_word' id='word_1_165' title='bbox 1226 1317 1331 1354; x_wconf 90' lang='lat' dir='ltr'>enim</span> <span class='ocrx_word' id='word_1_166' title='bbox 1367 1318 1492 1367; x_wconf 92' lang='lat' dir='ltr'>aliqui</span> <span class='ocrx_word' id='word_1_167' title='bbox 1526 1309 1760 1380; x_wconf 48' lang='grc' dir='ltr'>Ῑᾶᾓξξξξέζῇἷῗῑ</span> 
     </span>
    </p>
   </div>
   <div class='ocr_carea' id='block_1_15' title="bbox 120 1374 1757 1483">
    <p class='ocr_par' dir='ltr' id='par_1_15' title="bbox 120 1374 1757 1483">
     <span class='ocr_line' id='line_1_20' title="bbox 178 1374 1757 1431; baseline 0.004 -22"><span class='ocrx_word' id='word_1_168' title='bbox 178 1375 286 1422; x_wconf 92' lang='lat' dir='ltr'>quod</span> <span class='ocrx_word' id='word_1_169' title='bbox 318 1387 438 1411; x_wconf 89' lang='lat' dir='ltr'>omne</span> <span class='ocrx_word' id='word_1_170' title='bbox 490 1375 670 1410; x_wconf 89' lang='lat' dir='ltr'>futurum</span> <span class='ocrx_word' id='word_1_171' title='bbox 723 1382 781 1410; x_wconf 92' lang='lat' dir='ltr'>est</span> <span class='ocrx_word' id='word_1_172' title='bbox 832 1374 1014 1411; x_wconf 88' lang='lat' dir='ltr'>absolute</span> <span class='ocrx_word' id='word_1_173' title='bbox 1048 1375 1338 1422; x_wconf 85' lang='lat' dir='ltr'>necessarium,</span> <span class='ocrx_word' id='word_1_174' title='bbox 1391 1378 1492 1413; x_wconf 85' lang='lat' dir='ltr'>forte</span> <span class='ocrx_word' id='word_1_175' title='bbox 1531 1379 1674 1418; x_wconf 73' lang='lat' dir='ltr'>thinking</span> <span class='ocrx_word' id='word_1_176' title='bbox 1692 1380 1757 1431; x_wconf 49' lang='lat' dir='ltr'>diat</span> 
     </span>
     <span class='ocr_line' id='line_1_21' title="bbox 120 1415 1736 1483; baseline 0.008 -18"><span class='ocrx_word' id='word_1_177' title='bbox 120 1441 343 1480; x_wconf 70' lang='lat' dir='ltr'>zopropter</span> <span class='ocrx_word' id='word_1_178' title='bbox 375 1432 681 1480; x_wconf 88' lang='lat' dir='ltr'>prescienciam,</span> <span class='ocrx_word' id='word_1_179' title='bbox 726 1431 1105 1480; x_wconf 86' lang='lat' dir='ltr'>preordinacionem</span> <span class='ocrx_word' id='word_1_180' title='bbox 1152 1434 1212 1470; x_wconf 92' lang='lat' dir='ltr'>vel</span> <span class='ocrx_word' id='word_1_181' title='bbox 1252 1434 1493 1471; x_wconf 85' lang='lat' dir='ltr'>determina·</span> <span class='ocrx_word' id='word_1_182' title='bbox 1560 1415 1736 1483; x_wconf 47' lang='lat' dir='ltr'>{ilinizusmalr‘}</span> 
     </span>
    </p>
   </div>
   <div class='ocr_carea' id='block_1_16' title="bbox 178 1485 1732 1555">
    <p class='ocr_par' dir='ltr' id='par_1_16' title="bbox 178 1485 1732 1555">
     <span class='ocr_line' id='line_1_22' title="bbox 178 1485 1732 1555; baseline 0.004 -29"><span class='ocrx_word' id='word_1_183' title='bbox 178 1489 334 1526; x_wconf 88' lang='lat' dir='ltr'>cionem</span> <span class='ocrx_word' id='word_1_184' title='bbox 370 1490 446 1527; x_wconf 88' lang='lat' dir='ltr'>dei.</span> <span class='ocrx_word' id='word_1_185' title='bbox 482 1491 559 1527; x_wconf 87' lang='lat' dir='ltr'>Sed</span> <span class='ocrx_word' id='word_1_186' title='bbox 593 1491 669 1527; x_wconf 88' lang='lat' dir='ltr'>hoc</span> <span class='ocrx_word' id='word_1_187' title='bbox 702 1502 784 1526; x_wconf 91' lang='lat' dir='ltr'>non</span> <span class='ocrx_word' id='word_1_188' title='bbox 812 1489 1007 1538; x_wconf 85' lang='lat' dir='ltr'>sequitur,</span> <span class='ocrx_word' id='word_1_189' title='bbox 1045 1504 1135 1527; x_wconf 90' lang='lat' dir='ltr'>cum</span> <span class='ocrx_word' id='word_1_190' title='bbox 1169 1504 1327 1540; x_wconf 85' lang='lat' dir='ltr'>semper</span> <span class='ocrx_word' id='word_1_191' title='bbox 1360 1501 1492 1540; x_wconf 87' lang='lat' dir='ltr'>potest</span> <span class='ocrx_word' id='word_1_192' title='bbox 1555 1485 1732 1555; x_wconf 47' lang='lat' dir='ltr'>ffgcseogfflyy</span> 
     </span>
    </p>
   </div>
   <div class='ocr_carea' id='block_1_17' title="bbox 119 1548 1777 2351">
    <p class='ocr_par' dir='ltr' id='par_1_17' title="bbox 119 1548 1777 2351">
     <span class='ocr_line' id='line_1_23' title="bbox 178 1548 1777 1599; baseline 0.001 -15"><span class='ocrx_word' id='word_1_193' title='bbox 178 1560 274 1594; x_wconf 88' lang='lat' dir='ltr'>esse,</span> <span class='ocrx_word' id='word_1_194' title='bbox 315 1557 358 1585; x_wconf 91' lang='lat' dir='ltr'>ut</span> <span class='ocrx_word' id='word_1_195' title='bbox 391 1548 550 1599; x_wconf 77' lang='lat' dir='ltr'>dicitur,</span> <span class='ocrx_word' id='word_1_196' title='bbox 591 1549 700 1596; x_wconf 89' lang='lat' dir='ltr'>quod</span> <span class='ocrx_word' id='word_1_197' title='bbox 724 1549 821 1584; x_wconf 87' lang='lat' dir='ltr'>deus</span> <span class='ocrx_word' id='word_1_198' title='bbox 853 1561 935 1584; x_wconf 90' lang='lat' dir='ltr'>non</span> <span class='ocrx_word' id='word_1_199' title='bbox 967 1548 1023 1585; x_wconf 89' lang='lat' dir='ltr'>sic</span> <span class='ocrx_word' id='word_1_200' title='bbox 1046 1549 1180 1597; x_wconf 80' lang='lat' dir='ltr'>scivit;</span> <span class='ocrx_word' id='word_1_201' title='bbox 1214 1558 1251 1586; x_wconf 89' lang='lat' dir='ltr'>et</span> <span class='ocrx_word' id='word_1_202' title='bbox 1283 1559 1366 1586; x_wconf 88' lang='lat' dir='ltr'>tam</span> <span class='ocrx_word' id='word_1_203' title='bbox 1401 1563 1494 1587; x_wconf 90' lang='lat' dir='ltr'>con·</span> <span class='ocrx_word' id='word_1_204' title='bbox 1508 1554 1567 1581; x_wconf 80' lang='lat' dir='ltr'>But</span> <span class='ocrx_word' id='word_1_205' title='bbox 1587 1554 1609 1593; x_wconf 67' lang='lat' dir='ltr'>it</span> <span class='ocrx_word' id='word_1_206' title='bbox 1628 1555 1702 1582; x_wconf 83' lang='lat' dir='ltr'>does</span> <span class='ocrx_word' id='word_1_207' title='bbox 1723 1559 1777 1582; x_wconf 85' lang='lat' dir='ltr'>not</span> 
     </span>
     <span class='ocr_line' id='line_1_24' title="bbox 178 1590 1699 1656; baseline 0.001 -13"><span class='ocrx_word' id='word_1_208' title='bbox 178 1605 334 1654; x_wconf 81' lang='lat' dir='ltr'>tingens</span> <span class='ocrx_word' id='word_1_209' title='bbox 368 1616 425 1643; x_wconf 90' lang='lat' dir='ltr'>est</span> <span class='ocrx_word' id='word_1_210' title='bbox 459 1607 652 1643; x_wconf 84' lang='lat' dir='ltr'>mundum</span> <span class='ocrx_word' id='word_1_211' title='bbox 678 1619 761 1642; x_wconf 91' lang='lat' dir='ltr'>non</span> <span class='ocrx_word' id='word_1_212' title='bbox 785 1618 868 1642; x_wconf 90' lang='lat' dir='ltr'>esse</span> <span class='ocrx_word' id='word_1_213' title='bbox 891 1607 951 1642; x_wconf 92' lang='lat' dir='ltr'>vel</span> <span class='ocrx_word' id='word_1_214' title='bbox 974 1620 1055 1643; x_wconf 89' lang='lat' dir='ltr'>non</span> <span class='ocrx_word' id='word_1_215' title='bbox 1088 1606 1220 1653; x_wconf 86' lang='lat' dir='ltr'>fuisse,</span> <span class='ocrx_word' id='word_1_216' title='bbox 1256 1620 1376 1656; x_wconf 90' lang='lat' dir='ltr'>quam</span> <span class='ocrx_word' id='word_1_217' title='bbox 1402 1621 1493 1644; x_wconf 91' lang='lat' dir='ltr'>con·</span> <span class='ocrx_word' id='word_1_218' title='bbox 1585 1590 1699 1618; x_wconf 67' lang='lat' dir='ltr'>follow.</span> 
     </span>
     <span class='ocr_line' id='line_1_25' title="bbox 178 1663 1493 1712; baseline 0.002 -13"><span class='ocrx_word' id='word_1_219' title='bbox 178 1663 335 1712; x_wconf 84' lang='lat' dir='ltr'>tingens</span> <span class='ocrx_word' id='word_1_220' title='bbox 389 1674 447 1701; x_wconf 86' lang='lat' dir='ltr'>est</span> <span class='ocrx_word' id='word_1_221' title='bbox 500 1664 680 1701; x_wconf 88' lang='lat' dir='ltr'>animam</span> <span class='ocrx_word' id='word_1_222' title='bbox 726 1664 844 1700; x_wconf 86' lang='lat' dir='ltr'>istam</span> <span class='ocrx_word' id='word_1_223' title='bbox 888 1677 969 1700; x_wconf 91' lang='lat' dir='ltr'>non</span> <span class='ocrx_word' id='word_1_224' title='bbox 1015 1665 1113 1711; x_wconf 87' lang='lat' dir='ltr'>fore,</span> <span class='ocrx_word' id='word_1_225' title='bbox 1174 1667 1493 1702; x_wconf 87' lang='lat' dir='ltr'>demonstrando</span> 
     </span>
     <span class='ocr_line' id='line_1_26' title="bbox 144 1722 1493 1772; baseline 0.004 -16"><span class='ocrx_word' id='word_1_226' title='bbox 144 1724 462 1771; x_wconf 64' lang='lat' dir='ltr'>§quamcunque</span> <span class='ocrx_word' id='word_1_227' title='bbox 508 1722 686 1760; x_wconf 88' lang='lat' dir='ltr'>animam</span> <span class='ocrx_word' id='word_1_228' title='bbox 731 1723 1049 1770; x_wconf 86' lang='lat' dir='ltr'>producendam,</span> <span class='ocrx_word' id='word_1_229' title='bbox 1096 1723 1187 1772; x_wconf 88' lang='lat' dir='ltr'>quia</span> <span class='ocrx_word' id='word_1_230' title='bbox 1233 1733 1364 1772; x_wconf 88' lang='lat' dir='ltr'>potest</span> <span class='ocrx_word' id='word_1_231' title='bbox 1397 1725 1493 1761; x_wconf 89' lang='lat' dir='ltr'>deus</span> 
     </span>
     <span class='ocr_line' id='line_1_27' title="bbox 178 1779 1492 1830; baseline 0.002 -14"><span class='ocrx_word' id='word_1_232' title='bbox 178 1779 308 1826; x_wconf 90' lang='lat' dir='ltr'>(sicud</span> <span class='ocrx_word' id='word_1_233' title='bbox 342 1782 548 1829; x_wconf 90' lang='lat' dir='ltr'>quondam</span> <span class='ocrx_word' id='word_1_234' title='bbox 582 1779 728 1829; x_wconf 86' lang='lat' dir='ltr'>potuit)</span> <span class='ocrx_word' id='word_1_235' title='bbox 773 1793 855 1816; x_wconf 88' lang='lat' dir='ltr'>non</span> <span class='ocrx_word' id='word_1_236' title='bbox 886 1782 1111 1828; x_wconf 86' lang='lat' dir='ltr'>producere</span> <span class='ocrx_word' id='word_1_237' title='bbox 1155 1782 1216 1818; x_wconf 90' lang='lat' dir='ltr'>vel</span> <span class='ocrx_word' id='word_1_238' title='bbox 1259 1782 1492 1830; x_wconf 84' lang='lat' dir='ltr'>produxisse</span> 
     </span>
     <span class='ocr_line' id='line_1_28' title="bbox 177 1837 1492 1886; baseline 0.002 -13"><span class='ocrx_word' id='word_1_239' title='bbox 177 1837 297 1874; x_wconf 87' lang='lat' dir='ltr'>istum</span> <span class='ocrx_word' id='word_1_240' title='bbox 332 1840 542 1878; x_wconf 82' lang='lat' dir='ltr'>mundum.</span> <span class='ocrx_word' id='word_1_241' title='bbox 585 1839 661 1875; x_wconf 85' lang='lat' dir='ltr'>Sed</span> <span class='ocrx_word' id='word_1_242' title='bbox 695 1850 853 1874; x_wconf 89' lang='lat' dir='ltr'>summe</span> <span class='ocrx_word' id='word_1_243' title='bbox 886 1837 1010 1874; x_wconf 89' lang='lat' dir='ltr'>libere</span> <span class='ocrx_word' id='word_1_244' title='bbox 1043 1839 1175 1886; x_wconf 90' lang='lat' dir='ltr'>potuit</span> <span class='ocrx_word' id='word_1_245' title='bbox 1209 1840 1284 1876; x_wconf 89' lang='lat' dir='ltr'>hoc</span> <span class='ocrx_word' id='word_1_246' title='bbox 1318 1839 1358 1876; x_wconf 93' lang='lat' dir='ltr'>in</span> <span class='ocrx_word' id='word_1_247' title='bbox 1391 1849 1492 1876; x_wconf 89' lang='lat' dir='ltr'>eter-</span> 
     </span>
     <span class='ocr_line' id='line_1_29' title="bbox 177 1895 1491 1946; baseline 0.003 -15"><span class='ocrx_word' id='word_1_248' title='bbox 177 1895 314 1932; x_wconf 89' lang='lat' dir='ltr'>nitate.</span> <span class='ocrx_word' id='word_1_249' title='bbox 348 1899 454 1945; x_wconf 81' lang='lat' dir='ltr'>Ergo</span> <span class='ocrx_word' id='word_1_250' title='bbox 487 1898 618 1933; x_wconf 89' lang='lat' dir='ltr'>adhuc</span> <span class='ocrx_word' id='word_1_251' title='bbox 651 1895 706 1932; x_wconf 90' lang='lat' dir='ltr'>sic</span> <span class='ocrx_word' id='word_1_252' title='bbox 740 1897 814 1932; x_wconf 90' lang='lat' dir='ltr'>hoc</span> <span class='ocrx_word' id='word_1_253' title='bbox 847 1905 991 1944; x_wconf 88' lang='lat' dir='ltr'>potest.</span> <span class='ocrx_word' id='word_1_254' title='bbox 1025 1898 1172 1933; x_wconf 86' lang='lat' dir='ltr'>Verum</span> <span class='ocrx_word' id='word_1_255' title='bbox 1197 1910 1278 1934; x_wconf 91' lang='lat' dir='ltr'>non</span> <span class='ocrx_word' id='word_1_256' title='bbox 1312 1907 1368 1934; x_wconf 92' lang='lat' dir='ltr'>est</span> <span class='ocrx_word' id='word_1_257' title='bbox 1400 1911 1491 1946; x_wconf 89' lang='lat' dir='ltr'>pos-</span> 
     </span>
     <span class='ocr_line' id='line_1_30' title="bbox 177 1953 1491 2004; baseline 0.002 -15"><span class='ocrx_word' id='word_1_258' title='bbox 177 1953 291 1991; x_wconf 87' lang='lat' dir='ltr'>sibile</span> <span class='ocrx_word' id='word_1_259' title='bbox 325 1956 432 2003; x_wconf 91' lang='lat' dir='ltr'>quod</span> <span class='ocrx_word' id='word_1_260' title='bbox 453 1967 571 2004; x_wconf 82' lang='lat' dir='ltr'>posse</span> <span class='ocrx_word' id='word_1_261' title='bbox 596 1954 658 1991; x_wconf 90' lang='lat' dir='ltr'>dei</span> <span class='ocrx_word' id='word_1_262' title='bbox 692 1966 764 2002; x_wconf 89' lang='lat' dir='ltr'>pro</span> <span class='ocrx_word' id='word_1_263' title='bbox 799 1954 935 2003; x_wconf 88' lang='lat' dir='ltr'>aliquo</span> <span class='ocrx_word' id='word_1_264' title='bbox 958 1953 1124 1991; x_wconf 89' lang='lat' dir='ltr'>instanti</span> <span class='ocrx_word' id='word_1_265' title='bbox 1148 1956 1362 2003; x_wconf 84' lang='lat' dir='ltr'>dependat,</span> <span class='ocrx_word' id='word_1_266' title='bbox 1398 1955 1491 2004; x_wconf 91' lang='lat' dir='ltr'>quia</span> 
     </span>
     <span class='ocr_line' id='line_1_31' title="bbox 119 2011 1491 2062; baseline 0.002 -15"><span class='ocrx_word' id='word_1_267' title='bbox 119 2013 160 2044; x_wconf 79' lang='lat'>30</span> <span class='ocrx_word' id='word_1_268' title='bbox 177 2021 271 2048; x_wconf 92' lang='lat' dir='ltr'>tunc</span> <span class='ocrx_word' id='word_1_269' title='bbox 305 2014 552 2060; x_wconf 84' lang='lat' dir='ltr'>dependeret</span> <span class='ocrx_word' id='word_1_270' title='bbox 584 2014 634 2049; x_wconf 90' lang='lat' dir='ltr'>ab</span> <span class='ocrx_word' id='word_1_271' title='bbox 667 2011 804 2060; x_wconf 87' lang='lat' dir='ltr'>aliquo</span> <span class='ocrx_word' id='word_1_272' title='bbox 838 2012 1072 2051; x_wconf 85' lang='lat' dir='ltr'>extrinseco.</span> <span class='ocrx_word' id='word_1_273' title='bbox 1111 2015 1160 2049; x_wconf 86' lang='lat' dir='ltr'>Et</span> <span class='ocrx_word' id='word_1_274' title='bbox 1193 2025 1237 2049; x_wconf 86' lang='lat' dir='ltr'>ex</span> <span class='ocrx_word' id='word_1_275' title='bbox 1271 2014 1346 2050; x_wconf 91' lang='lat' dir='ltr'>hoc</span> <span class='ocrx_word' id='word_1_276' title='bbox 1379 2023 1491 2062; x_wconf 88' lang='lat' dir='ltr'>patet</span> 
     </span>
     <span class='ocr_line' id='line_1_32' title="bbox 177 2070 1491 2118; baseline 0.003 -13"><span class='ocrx_word' id='word_1_277' title='bbox 177 2071 283 2118; x_wconf 90' lang='lat' dir='ltr'>quod</span> <span class='ocrx_word' id='word_1_278' title='bbox 316 2079 398 2107; x_wconf 89' lang='lat' dir='ltr'>tam</span> <span class='ocrx_word' id='word_1_279' title='bbox 432 2070 703 2108; x_wconf 86' lang='lat' dir='ltr'>necessarium</span> <span class='ocrx_word' id='word_1_280' title='bbox 750 2079 807 2106; x_wconf 91' lang='lat' dir='ltr'>est</span> <span class='ocrx_word' id='word_1_281' title='bbox 841 2072 959 2106; x_wconf 90' lang='lat' dir='ltr'>deum</span> <span class='ocrx_word' id='word_1_282' title='bbox 1005 2071 1199 2107; x_wconf 86' lang='lat' dir='ltr'>revelasse</span> <span class='ocrx_word' id='word_1_283' title='bbox 1236 2072 1297 2107; x_wconf 89' lang='lat' dir='ltr'>vel</span> <span class='ocrx_word' id='word_1_284' title='bbox 1329 2071 1491 2109; x_wconf 86' lang='lat' dir='ltr'>scivisse</span> 
     </span>
     <span class='ocr_line' id='line_1_33' title="bbox 177 2129 1490 2177; baseline 0.002 -13"><span class='ocrx_word' id='word_1_285' title='bbox 177 2130 447 2177; x_wconf 88' lang='lat' dir='ltr'>quodcunque</span> <span class='ocrx_word' id='word_1_286' title='bbox 472 2129 709 2177; x_wconf 84' lang='lat' dir='ltr'>contingens</span> <span class='ocrx_word' id='word_1_287' title='bbox 742 2129 936 2174; x_wconf 86' lang='lat' dir='ltr'>futurum,</span> <span class='ocrx_word' id='word_1_288' title='bbox 971 2141 1090 2176; x_wconf 86' lang='lat' dir='ltr'>quam</span> <span class='ocrx_word' id='word_1_289' title='bbox 1125 2129 1397 2166; x_wconf 87' lang='lat' dir='ltr'>necessarium</span> <span class='ocrx_word' id='word_1_290' title='bbox 1432 2139 1490 2167; x_wconf 85' lang='lat' dir='ltr'>est</span> 
     </span>
     <span class='ocr_line' id='line_1_34' title="bbox 178 2186 1748 2234; baseline 0.002 -13"><span class='ocrx_word' id='word_1_291' title='bbox 178 2198 241 2222; x_wconf 90' lang='lat' dir='ltr'>me</span> <span class='ocrx_word' id='word_1_292' title='bbox 273 2186 406 2224; x_wconf 86' lang='lat' dir='ltr'>fuisse.</span> <span class='ocrx_word' id='word_1_293' title='bbox 442 2188 535 2223; x_wconf 91' lang='lat' dir='ltr'>Ideo</span> <span class='ocrx_word' id='word_1_294' title='bbox 564 2187 709 2223; x_wconf 89' lang='lat' dir='ltr'>falsum</span> <span class='ocrx_word' id='word_1_295' title='bbox 744 2195 802 2223; x_wconf 88' lang='lat' dir='ltr'>est</span> <span class='ocrx_word' id='word_1_296' title='bbox 835 2187 941 2234; x_wconf 89' lang='lat' dir='ltr'>quod</span> <span class='ocrx_word' id='word_1_297' title='bbox 971 2186 1125 2223; x_wconf 89' lang='lat' dir='ltr'>Cristus</span> <span class='ocrx_word' id='word_1_298' title='bbox 1158 2186 1291 2234; x_wconf 89' lang='lat' dir='ltr'>potuit</span> <span class='ocrx_word' id='word_1_299' title='bbox 1325 2188 1487 2224; x_wconf 89' lang='lat' dir='ltr'>mentiri</span> <span class='ocrx_word' id='word_1_300' title='bbox 1533 2192 1639 2232; x_wconf 62' lang='lat' dir='ltr'>Christ</span> <span class='ocrx_word' id='word_1_301' title='bbox 1659 2195 1748 2222; x_wconf 83' lang='lat' dir='ltr'>could</span> 
     </span>
     <span class='ocr_line' id='line_1_35' title="bbox 175 2229 1774 2297; baseline 0.002 -17"><span class='ocrx_word' id='word_1_302' title='bbox 175 2244 236 2280; x_wconf 89' lang='lat' dir='ltr'>vel</span> <span class='ocrx_word' id='word_1_303' title='bbox 268 2243 414 2292; x_wconf 89' lang='lat' dir='ltr'>decipi,</span> <span class='ocrx_word' id='word_1_304' title='bbox 450 2246 518 2281; x_wconf 89' lang='lat' dir='ltr'>sed</span> <span class='ocrx_word' id='word_1_305' title='bbox 552 2246 652 2281; x_wconf 87' lang='lat' dir='ltr'>bene</span> <span class='ocrx_word' id='word_1_306' title='bbox 684 2253 818 2293; x_wconf 90' lang='lat' dir='ltr'>potest</span> <span class='ocrx_word' id='word_1_307' title='bbox 850 2257 930 2280; x_wconf 90' lang='lat' dir='ltr'>non</span> <span class='ocrx_word' id='word_1_308' title='bbox 964 2244 1119 2286; x_wconf 76' lang='lat' dir='ltr'>dixisse,</span> <span class='ocrx_word' id='word_1_309' title='bbox 1172 2246 1233 2281; x_wconf 81' lang='lat' dir='ltr'>vel</span> <span class='ocrx_word' id='word_1_310' title='bbox 1265 2247 1486 2282; x_wconf 89' lang='lat' dir='ltr'>secundum</span> <span class='ocrx_word' id='word_1_311' title='bbox 1504 2229 1774 2297; x_wconf 44' lang='grc' dir='ltr'>Ξῗέέξρῃοῖυῇῧξ</span> 
     </span>
     <span class='ocr_line' id='line_1_36' title="bbox 120 2299 1771 2351; baseline 0.003 -15"><span class='ocrx_word' id='word_1_312' title='bbox 120 2303 158 2336; x_wconf 79' lang='lat'>35</span> <span class='ocrx_word' id='word_1_313' title='bbox 177 2302 469 2351; x_wconf 73' lang='lat' dir='ltr'>humanitatem</span> <span class='ocrx_word' id='word_1_314' title='bbox 504 2315 585 2339; x_wconf 91' lang='lat' dir='ltr'>non</span> <span class='ocrx_word' id='word_1_315' title='bbox 618 2302 749 2339; x_wconf 88' lang='lat' dir='ltr'>fuisse.</span> <span class='ocrx_word' id='word_1_316' title='bbox 784 2303 876 2338; x_wconf 89' lang='lat' dir='ltr'>Ideo</span> <span class='ocrx_word' id='word_1_317' title='bbox 899 2302 1116 2339; x_wconf 84' lang='lat' dir='ltr'>necessitas</span> <span class='ocrx_word' id='word_1_318' title='bbox 1139 2315 1182 2339; x_wconf 80' lang='lat' dir='ltr'>ex</span> <span class='ocrx_word' id='word_1_319' title='bbox 1205 2303 1488 2351; x_wconf 88' lang='lat' dir='ltr'>supposicione</span> <span class='ocrx_word' id='word_1_320' title='bbox 1512 2299 1642 2333; x_wconf 84' lang='lat' dir='ltr'>spoken,</span> <span class='ocrx_word' id='word_1_321' title='bbox 1662 2307 1698 2326; x_wconf 82' lang='lat' dir='ltr'>or</span> <span class='ocrx_word' id='word_1_322' title='bbox 1718 2304 1771 2327; x_wconf 66' lang='grc' dir='ltr'>Ποῖ</span> 
     </span>
    </p>
   </div>
   <div class='ocr_carea' id='block_1_18' title="bbox 1522 2333 1748 2361">
    <p class='ocr_par' dir='ltr' id='par_1_18' title="bbox 1522 2333 1748 2361">
     <span class='ocr_line' id='line_1_37' title="bbox 1522 2333 1748 2361; baseline 0 -2"><span class='ocrx_word' id='word_1_323' title='bbox 1522 2333 1599 2360; x_wconf 79' lang='lat' dir='ltr'>have</span> <span class='ocrx_word' id='word_1_324' title='bbox 1619 2333 1748 2361; x_wconf 84' lang='lat' dir='ltr'>existed.</span> 
     </span>
    </p>
   </div>
   <div class='ocr_carea' id='block_1_19' title="bbox 175 2353 1751 2409">
    <p class='ocr_par' dir='ltr' id='par_1_19' title="bbox 175 2353 1751 2409">
     <span class='ocr_line' id='line_1_38' title="bbox 175 2353 1751 2409; baseline 0.002 -14"><span class='ocrx_word' id='word_1_325' title='bbox 175 2372 256 2396; x_wconf 90' lang='lat' dir='ltr'>non</span> <span class='ocrx_word' id='word_1_326' title='bbox 290 2360 462 2396; x_wconf 86' lang='lat' dir='ltr'>excludit</span> <span class='ocrx_word' id='word_1_327' title='bbox 495 2353 817 2408; x_wconf 83' lang='lat' dir='ltr'>contingenciam</span> <span class='ocrx_word' id='word_1_328' title='bbox 852 2361 901 2396; x_wconf 90' lang='lat' dir='ltr'>ad</span> <span class='ocrx_word' id='word_1_329' title='bbox 935 2360 1188 2405; x_wconf 81' lang='lat' dir='ltr'>ut1·umlibet;</span> <span class='ocrx_word' id='word_1_330' title='bbox 1223 2370 1259 2397; x_wconf 91' lang='lat' dir='ltr'>et</span> <span class='ocrx_word' id='word_1_331' title='bbox 1292 2374 1363 2409; x_wconf 87' lang='lat' dir='ltr'>per</span> <span class='ocrx_word' id='word_1_332' title='bbox 1396 2375 1488 2398; x_wconf 93' lang='lat' dir='ltr'>con-</span> <span class='ocrx_word' id='word_1_333' title='bbox 1520 2367 1587 2394; x_wconf 87' lang='lat' dir='ltr'>The</span> <span class='ocrx_word' id='word_1_334' title='bbox 1607 2369 1669 2395; x_wconf 75' lang='lat' dir='ltr'>free</span> <span class='ocrx_word' id='word_1_335' title='bbox 1690 2369 1751 2396; x_wconf 81' lang='lat' dir='ltr'>will</span> 
     </span>
    </p>
   </div>
   <div class='ocr_carea' id='block_1_20' title="bbox 176 2404 1769 2470">
    <p class='ocr_par' dir='ltr' id='par_1_20' title="bbox 176 2404 1769 2470">
     <span class='ocr_line' id='line_1_39' title="bbox 176 2404 1769 2470; baseline 0.003 -17"><span class='ocrx_word' id='word_1_336' title='bbox 176 2429 346 2465; x_wconf 89' lang='lat' dir='ltr'>sequens</span> <span class='ocrx_word' id='word_1_337' title='bbox 389 2432 470 2455; x_wconf 93' lang='lat' dir='ltr'>non</span> <span class='ocrx_word' id='word_1_338' title='bbox 514 2419 619 2455; x_wconf 89' lang='lat' dir='ltr'>tollit</span> <span class='ocrx_word' id='word_1_339' title='bbox 663 2418 890 2454; x_wconf 86' lang='lat' dir='ltr'>libertatem</span> <span class='ocrx_word' id='word_1_340' title='bbox 938 2418 1094 2454; x_wconf 84' lang='lat' dir='ltr'>arbitrii</span> <span class='ocrx_word' id='word_1_341' title='bbox 1138 2431 1210 2454; x_wconf 90' lang='lat' dir='ltr'>nec</span> <span class='ocrx_word' id='word_1_342' title='bbox 1257 2432 1393 2455; x_wconf 86' lang='lat' dir='ltr'>casum</span> <span class='ocrx_word' id='word_1_343' title='bbox 1427 2421 1488 2456; x_wconf 86' lang='lat' dir='ltr'>vel</span> <span class='ocrx_word' id='word_1_344' title='bbox 1508 2404 1769 2470; x_wconf 49' lang='lat' dir='ltr'>}{„{}?}{a¹ss¹c¹{⁵</span> 
     </span>
    </p>
   </div>
   <div class='ocr_carea' id='block_1_21' title="bbox 175 2472 1761 2535">
    <p class='ocr_par' dir='ltr' id='par_1_21' title="bbox 175 2472 1761 2535">
     <span class='ocr_line' id='line_1_40' title="bbox 175 2472 1761 2535; baseline 0.006 -25"><span class='ocrx_word' id='word_1_345' title='bbox 175 2476 377 2512; x_wconf 81' lang='lat' dir='ltr'>fortunam</span> <span class='ocrx_word' id='word_1_346' title='bbox 412 2489 492 2524; x_wconf 89' lang='lat' dir='ltr'>quo</span> <span class='ocrx_word' id='word_1_347' title='bbox 516 2478 565 2513; x_wconf 88' lang='lat' dir='ltr'>ad</span> <span class='ocrx_word' id='word_1_348' title='bbox 591 2489 752 2513; x_wconf 86' lang='lat' dir='ltr'>causam</span> <span class='ocrx_word' id='word_1_349' title='bbox 788 2477 1021 2522; x_wconf 88' lang='lat' dir='ltr'>secundam,</span> <span class='ocrx_word' id='word_1_350' title='bbox 1055 2478 1123 2513; x_wconf 88' lang='lat' dir='ltr'>sed</span> <span class='ocrx_word' id='word_1_351' title='bbox 1157 2489 1237 2524; x_wconf 91' lang='lat' dir='ltr'>quo</span> <span class='ocrx_word' id='word_1_352' title='bbox 1271 2479 1321 2513; x_wconf 87' lang='lat' dir='ltr'>ad</span> <span class='ocrx_word' id='word_1_353' title='bbox 1354 2479 1486 2517; x_wconf 85' lang='lat' dir='ltr'>deum.</span> <span class='ocrx_word' id='word_1_354' title='bbox 1514 2472 1761 2535; x_wconf 54' lang='lat' dir='ltr'>fllffieeg‘eissffncffs</span> 
     </span>
    </p>
   </div>
   <div class='ocr_carea' id='block_1_22' title="bbox 115 2533 1769 2744">
    <p class='ocr_par' dir='ltr' id='par_1_22' title="bbox 115 2533 1769 2674">
     <span class='ocr_line' id='line_1_41' title="bbox 175 2533 1769 2584; baseline 0.004 -15"><span class='ocrx_word' id='word_1_355' title='bbox 175 2535 223 2569; x_wconf 89' lang='lat' dir='ltr'>Et</span> <span class='ocrx_word' id='word_1_356' title='bbox 267 2533 322 2570; x_wconf 91' lang='lat' dir='ltr'>sic</span> <span class='ocrx_word' id='word_1_357' title='bbox 367 2536 538 2571; x_wconf 81' lang='lat' dir='ltr'>errando</span> <span class='ocrx_word' id='word_1_358' title='bbox 583 2543 771 2582; x_wconf 85' lang='lat' dir='ltr'>putamus</span> <span class='ocrx_word' id='word_1_359' title='bbox 825 2547 868 2570; x_wconf 86' lang='lat' dir='ltr'>ex</span> <span class='ocrx_word' id='word_1_360' title='bbox 901 2547 1047 2582; x_wconf 85' lang='lat' dir='ltr'>magna</span> <span class='ocrx_word' id='word_1_361' title='bbox 1098 2534 1333 2582; x_wconf 81' lang='lat' dir='ltr'>ignorancia</span> <span class='ocrx_word' id='word_1_362' title='bbox 1377 2537 1485 2584; x_wconf 89' lang='lat' dir='ltr'>quod</span> <span class='ocrx_word' id='word_1_363' title='bbox 1509 2549 1628 2575; x_wconf 75' lang='lat' dir='ltr'>causes,</span> <span class='ocrx_word' id='word_1_364' title='bbox 1649 2547 1701 2569; x_wconf 86' lang='lat' dir='ltr'>not</span> <span class='ocrx_word' id='word_1_365' title='bbox 1721 2543 1769 2570; x_wconf 80' lang='lat' dir='ltr'>for</span> 
     </span>
     <span class='ocr_line' id='line_1_42' title="bbox 115 2575 1767 2646; baseline 0.007 -19"><span class='ocrx_word' id='word_1_366' title='bbox 115 2603 160 2634; x_wconf 86' lang='lat'>40</span> <span class='ocrx_word' id='word_1_367' title='bbox 174 2591 308 2628; x_wconf 83' lang='lat' dir='ltr'>futura</span> <span class='ocrx_word' id='word_1_368' title='bbox 340 2601 430 2628; x_wconf 87' lang='lat' dir='ltr'>sunt</span> <span class='ocrx_word' id='word_1_369' title='bbox 463 2592 787 2632; x_wconf 85' lang='lat' dir='ltr'>indeterminata.</span> <span class='ocrx_word' id='word_1_370' title='bbox 1502 2575 1767 2646; x_wconf 39' lang='lat' dir='ltr'>bgssdgssffigrffit&#39;.</span> 
     </span>
     <span class='ocr_line' id='line_1_43' title="bbox 1518 2645 1760 2674; baseline 0.012 -3"><span class='ocrx_word' id='word_1_371' title='bbox 1518 2645 1607 2672; x_wconf 86' lang='lat' dir='ltr'>think</span> <span class='ocrx_word' id='word_1_372' title='bbox 1626 2646 1691 2673; x_wconf 88' lang='lat' dir='ltr'>that</span> <span class='ocrx_word' id='word_1_373' title='bbox 1711 2647 1760 2674; x_wconf 84' lang='lat' dir='ltr'>the</span> 
     </span>
    </p>

    <p class='ocr_par' dir='ltr' id='par_1_23' title="bbox 1513 2680 1758 2744">
     <span class='ocr_line' id='line_1_44' title="bbox 1563 2680 1711 2708; baseline 0.007 -1"><span class='ocrx_word' id='word_1_374' title='bbox 1563 2680 1664 2707; x_wconf 84' lang='lat' dir='ltr'>future</span> <span class='ocrx_word' id='word_1_375' title='bbox 1685 2681 1711 2708; x_wconf 89' lang='lat' dir='ltr'>is</span> 
     </span>
     <span class='ocr_line' id='line_1_45' title="bbox 1513 2714 1758 2744; baseline 0.012 -3"><span class='ocrx_word' id='word_1_376' title='bbox 1513 2714 1758 2744; x_wconf 86' lang='lat' dir='ltr'>undetermined.</span> 
     </span>
    </p>
   </div>
   <div class='ocr_carea' id='block_1_23' title="bbox 120 1733 136 1754">
    <p class='ocr_par' dir='ltr' id='par_1_24' title="bbox 120 1733 136 1754">
     <span class='ocr_line' id='line_1_46' title="bbox 120 1733 136 1754; textangle 90"><span class='ocrx_word' id='word_1_377' title='bbox 120 1733 136 1754; x_wconf 67' lang='grc' dir='ltr'>ω</span> 
     </span>
    </p>
   </div>
   <div class='ocr_carea' id='block_1_24' title="bbox 244 2820 1390 2876">
    <p class='ocr_par' dir='ltr' id='par_1_25' title="bbox 244 2820 1390 2876">
     <span class='ocr_line' id='line_1_47' title="bbox 244 2820 1390 2876; baseline 0.002 -9"><span class='ocrx_word' id='word_1_378' title='bbox 244 2839 268 2867; x_wconf 87' lang='lat'>3.</span> <span class='ocrx_word' id='word_1_379' title='bbox 290 2841 490 2869; x_wconf 81' lang='lat' dir='ltr'>determinate</span> <span class='ocrx_word' id='word_1_380' title='bbox 511 2841 544 2869; x_wconf 88' lang='grc' dir='ltr'>Β.</span> <span class='ocrx_word' id='word_1_381' title='bbox 636 2849 678 2874; x_wconf 79' lang='lat'>14.</span> <span class='ocrx_word' id='word_1_382' title='bbox 701 2831 781 2876; x_wconf 59' lang='lat' dir='ltr'>plui}</span> <span class='ocrx_word' id='word_1_383' title='bbox 802 2841 833 2868; x_wconf 85' lang='grc' dir='ltr'>Β.</span> <span class='ocrx_word' id='word_1_384' title='bbox 932 2840 974 2875; x_wconf 79' lang='lat'>37.</span> <span class='ocrx_word' id='word_1_385' title='bbox 995 2821 1062 2869; x_wconf 52' lang='lat' dir='ltr'>casii]</span> <span class='ocrx_word' id='word_1_386' title='bbox 1084 2841 1117 2868; x_wconf 86' lang='grc' dir='ltr'>Β.</span> <span class='ocrx_word' id='word_1_387' title='bbox 1203 2840 1248 2869; x_wconf 79' lang='lat'>38.</span> <span class='ocrx_word' id='word_1_388' title='bbox 1269 2820 1335 2870; x_wconf 51' lang='lat' dir='ltr'>cffn</span> <span class='ocrx_word' id='word_1_389' title='bbox 1357 2842 1390 2869; x_wconf 84' lang='grc' dir='ltr'>Β.</span> 
     </span>
    </p>
   </div>
  </div>
 </body>
</html>
