2051 3327
183 235 236 272 88

192 358 257 385 that
276 365 326 385 are
346 357 450 384 varied

200 393 231 420 in
252 393 336 423 time,
358 392 407 419 for
427 400 443 419 a

182 428 268 462 given
280 427 381 461 length
392 435 461 462 may

201 463 237 489 be
257 461 360 489 traced
381 462 411 488 in
433 470 448 487 a

200 497 289 531 given
310 496 383 523 time
405 496 441 532 by

232 531 362 558 mobiles
383 531 417 558 of

248 566 396 600 infinitely

255 601 384 636 varying

234 635 400 663 velocities.

184 1050 213 1074 4.
237 1039 295 1067 We
315 1048 370 1067 cau
392 1040 460 1074 give

226 1084 242 1102 a
262 1084 330 1103 case
351 1075 385 1102 of
402 1083 418 1101 a

198 1111 279 1146 body
299 1111 329 1137 in
350 1110 450 1136 which

219 1146 270 1172 the
291 1144 421 1172 swiftest

233 1180 319 1215 point
339 1179 413 1218 does

240 1219 293 1241 not
313 1218 401 1241 exist.

224 1562 253 1590 If
269 1570 285 1589 a
306 1570 375 1589 man
397 1561 423 1588 is

202 1597 329 1624 whirled
353 1598 452 1624 round

251 1632 325 1659 with
346 1636 412 1658 out-

190 1666 347 1694 stretched
370 1674 464 1701 arms,

226 1702 284 1728 and
307 1710 323 1728 a
344 1701 430 1736 point

234 1736 422 1772 continually

220 1776 269 1798 cut
289 1771 333 1798 off
350 1771 429 1798 from

285 1806 373 1832 those

208 1841 406 1874 extremities‚
426 1841 449 1868 it

214 1876 238 1902 is
260 1876 442 1910 impossible

257 1910 321 1937 that
342 1910 389 1937 his

238 1949 415 1972 movement

197 1979 307 2006 should
332 1980 366 2007 be
386 1982 457 2007 thus

238 2015 412 2042 measured.

190 2048 256 2076 The
278 2055 453 2077 movement

210 2084 313 2111 would
336 2089 389 2111 not
410 2085 444 2112 be

219 2119 380 2146 measured
403 2120 441 2154 by

224 2154 274 2181 the
294 2154 353 2180 line
372 2153 433 2189 just

235 2189 356 2216 outside
377 2190 426 2216 the

287 2223 380 2259 body,

243 2259 291 2285 for
313 2259 344 2292 (1)
365 2259 414 2285 the

200 2293 367 2329 adversary
387 2295 457 2321 who

228 2328 338 2363 replies
360 2328 431 2355 thus

194 2362 269 2389 does
292 2368 343 2389 not
364 2364 461 2391 admit

246 2406 262 2424 a
283 2398 405 2424 definite

238 2432 368 2459 number
389 2433 424 2460 of

278 2467 389 2501 points.

223 2501 259 2534 (2)
282 2502 330 2529 No
352 2502 437 2537 point

193 2543 247 2562 can
259 2545 359 2571 ⁴move
375 2538 467 2565 t'astei·

220 2571 290 2598 than
313 2572 441 2599 another

201 2611 232 2634 to
253 2615 289 2633 an
312 2607 461 2643 infinitely

221 2643 308 2670 small
332 2647 442 2669 extent.

916 246 1140 279 JOHANNIS
1167 247 1352 279 WYCLIF
1626 245 1716 274 CAP.
1736 246 1788 274 lx.

477 363 521 387 ex
565 352 640 387 hoc
687 352 796 399 quod
842 351 1038 400 contingit
1082 352 1261 389 infinitos
1307 365 1392 390 esse
1438 362 1570 391 motus
1615 355 1787 402 horales,

477 421 649 457 quorum
695 408 863 457 quilibet
909 409 1109 447 describet
1141 410 1287 447 lineam
1322 424 1344 447 a
1376 412 1530 460 pedalis
1570 414 1787 461 adequate3

476 475 512 502 et
545 474 683 503 tamen
715 466 891 514 primum
927 480 1010 504 esse
1042 468 1285 505 uniformem
1340 478 1383 506 ut
1428 470 1520 515 duo,
1567 472 1786 507 secundum

476 536 576 572 eque
591 524 791 560 intensum
809 526 978 573 gradum
1004 534 1046 562 ut
1070 539 1108 575 4,
1143 536 1180 563 et
1203 527 1372 563 tercium
1396 529 1523 575 gradu
1546 536 1589 564 ut
1613 529 1656 575 83
1681 528 1788 566 etsie

474 581 514 617 in
530 581 746 619 infinitum.
772 584 837 628 Ut,
861 583 993 631 posito
1017 586 1125 632 quod
1148 584 1189 621 in
1204 584 1406 621 infinitum
1423 585 1606 623 intendat
1622 586 1821 635 aliquod5

475 638 643 676 istorum
679 653 795 676 suum
831 650 984 678 motum
1020 655 1140 690 super
1173 642 1352 691 aliquam
1386 652 1544 692 partem
1578 657 1647 681 sue
1669 644 1787 691 linee,

474 699 673 734 tardando
706 698 862 735 diucius
895 711 1015 747 super
1046 700 1266 748 reliquam3
1300 700 1405 737 sicut
1436 702 1646 750 loquentes
1680 716 1789 739 com—

474 755 651 792 muniter
683 756 724 793 in
755 756 832 793 ista
866 757 1035 794 materia
1058 758 1292 806 admittunt,
1319 767 1356 795 et
1380 759 1526 808 quibus
1550 762 1651 797 solet
1674 760 1789 810 queri

474 826 595 861 quam
639 814 830 851 velociter
878 824 1107 852 moveretur
1154 829 1300 865 corpus
1348 826 1503 854 motum
1536 818 1670 867 primo
1702 818 1789 855 uni-

474 871 657 908 formiter
689 874 816 920 gradu
849 881 892 909 ut
916 886 940 919 4
969 886 1042 921 pro
1077 874 1210 911 medio
1243 874 1408 911 instanti
1442 875 1545 913 inter
1577 876 1666 913 illos
1690 877 1790 913 duos
1812 891 1848 911 10

475 938 622 976 motus,
657 939 693 966 et
727 943 849 978 quam
892 931 1084 968 velociter
1128 933 1335 969 descendit
1379 946 1499 981 grave
1538 934 1580 971 in
1613 934 1790 972 confinio

474 986 579 1023 inter
611 1001 759 1036 aquam
795 997 833 1025 et
865 1001 1016 1026 aerem.

533 1045 740 1092 Similiter,
787 1046 940 1095 aliquid
974 1047 1170 1096 contingit
1204 1061 1365 1085 movere
1398 1061 1469 1097 per
1501 1058 1663 1098 tempus
1697 1063 1791 1087 con-

475 1102 598 1148 tinue,
640 1103 680 1140 in
725 1117 804 1153 quo
843 1118 925 1141 non
963 1114 1022 1142 est
1062 1107 1156 1142 dare
1189 1115 1383 1154 punctum
1424 1107 1507 1143 eius
1540 1103 1791 1145 velocissime

476 1170 645 1199 motum.
695 1164 797 1210 Ergo
843 1164 980 1211 regula
1027 1176 1109 1200 non
1149 1174 1206 1201 est
1248 1165 1459 1215 generalis,
1505 1179 1596 1202 cum
1641 1170 1848 1212 tamen‚15

475 1218 646 1256 dicendo
679 1221 735 1256 sic
767 1222 906 1269 regula
939 1221 1150 1269 generalis,
1198 1235 1244 1259 eo
1278 1224 1386 1271 quod
1420 1232 1553 1260 motus
1587 1224 1792 1261 difformes

475 1290 554 1325 quo
588 1279 638 1314 ad
672 1287 831 1326 tempus
864 1288 957 1316 sunt
989 1279 1159 1316 univoce
1191 1281 1347 1317 veloces
1382 1293 1472 1317 cum
1508 1282 1683 1319 motibus
1705 1283 1792 1319 uni-

474 1335 671 1372 formibus
705 1349 785 1385 quo
818 1339 869 1373 ad
901 1346 1073 1386 tempus,
1108 1338 1211 1375 sicut
1234 1348 1325 1375 sunt
1348 1339 1518 1376 univoce
1543 1349 1676 1376 motus
1701 1353 1790 1377 cum

476 1392 568 1430 illis.
602 1396 707 1442 Ergo
741 1394 913 1432 dicenda
958 1405 1015 1432 est
1054 1395 1132 1432 illis
1171 1397 1281 1433 racio
1322 1398 1476 1434 eadem.
1528 1399 1790 1447 Assumptum

477 1451 595 1488 huius
628 1452 854 1500 argumenti
894 1454 996 1490 foret
1036 1453 1197 1491 evidens
1236 1454 1293 1491 illi
1325 1455 1393 1503 qui
1427 1465 1594 1504 poneret
1633 1456 1673 1492 in
1706 1469 1793 1493 cor·
1811 1472 1852 1493 20

477 1522 575 1557 pore
609 1511 808 1547 rarefacto
841 1524 912 1559 per
943 1520 1088 1562 toturn,
1113 1521 1151 1549 et
1184 1525 1275 1549 curn
1300 1514 1376 1549 hoc
1400 1513 1589 1551 continue
1623 1514 1793 1551 circum-

481 1569 601 1604 ducto
635 1582 708 1617 pro
741 1569 921 1618 quolibet
954 1569 1134 1615 instanti,
1181 1571 1311 1619 aquiri
1344 1584 1488 1608 novam
1524 1572 1791 1621 quantitatem

480 1639 551 1674 per
582 1635 734 1674 totum;
758 1629 827 1664 sed
844 1628 937 1676 quia
960 1628 1058 1664 illud
1082 1637 1139 1665 est
1161 1628 1422 1677 impossibile,
1457 1630 1547 1666 ideo
1581 1630 1795 1667 adducitur

481 1694 763 1732 argumentum
798 1687 846 1722 de
881 1699 1051 1734 corpore
1085 1686 1377 1733 circumducto,
1414 1687 1453 1724 in
1493 1701 1572 1737 quo
1606 1688 1795 1725 continue

482 1752 796 1791 corrumpantur
839 1753 990 1792 puncta
1035 1753 1229 1782 extrema:
1283 1754 1327 1781 ut
1371 1745 1505 1793 posito
1550 1748 1659 1795 quod
1705 1748 1851 1792 ὅθι-,25

481 1800 671 1837 continue
705 1802 889 1849 expansis
923 1802 1109 1839 manibus
1150 1812 1187 1840 et
1231 1803 1421 1849 brachiis,
1469 1804 1797 1841 circumducatur

482 1867 519 1895 et
565 1860 673 1907 quod
723 1860 912 1897 continue
945 1861 1164 1897 aufferatur
1209 1862 1258 1898 de
1303 1870 1479 1898 extremo
1525 1862 1647 1899 medii
1680 1862 1794 1911 digiti

482 1916 696 1953 corelative
730 1918 844 1965 moti,
877 1927 972 1955 tunc
1004 1932 1085 1955 non
1118 1928 1176 1955 est
1199 1921 1293 1956 dare
1317 1929 1511 1968 punctum
1543 1920 1796 1957 velocissime

483 1983 637 2011 motum
671 1975 711 2011 in
736 1978 871 2013 Sorte:
907 1985 944 2013 et
976 1989 1047 2024 per
1081 1990 1332 2026 consequens
1364 1978 1518 2026 vertigo
1553 1979 1681 2015 Sortis
1713 1991 1795 2015 non

483 2042 740 2070 mensuratur
771 2047 892 2082 penes
931 2034 1042 2071 illud.
1813 2043 1855 2075 30

541 2092 619 2127 Sed
652 2091 716 2128 hic
750 2092 846 2128 dicit
879 2092 1012 2129 taliter
1041 2089 1044 2145 Ι
1074 2093 1244 2141 opinans
1278 2095 1387 2142 quod
1420 2094 1510 2131 talis
1545 2103 1676 2131 motus
1692 2095 1837 2132 velo—B
1858 2102 1933 2143 129⁹

482 2148 580 2185 citas
614 2150 836 2186 attenditur
867 2163 988 2198 penes
1021 2151 1170 2187 lineam
1203 2165 1323 2200 quam
1349 2152 1592 2189 describeret
1610 2162 1795 2201 punctus,

483 2206 549 2255 qui
583 2207 880 2244 indivisibiliter
908 2208 1083 2245 velocius
1108 2219 1292 2246 movetur
1314 2223 1434 2258 quam
1459 2210 1603 2259 aliquis
1625 2210 1796 2247 istorum

482 2265 665 2301 omnium
708 2275 950 2314 punctorum
997 2276 1198 2303 motorum
1246 2268 1286 2304 in
1330 2268 1483 2306 mobili.
1530 2270 1607 2305 Sed
1641 2271 1688 2305 de
1720 2268 1797 2305 isto

483 2322 591 2359 dicto
624 2323 776 2360 amiror
809 2333 974 2372 propter
1007 2326 1153 2362 multa:
1188 2326 1334 2374 primo,
1357 2326 1451 2374 quia
1484 2326 1590 2363 iuxta
1623 2326 1679 2363 sic
1712 2326 1798 2375 opi·
1815 2330 1853 2364 35

481 2390 643 2417 nantem
667 2394 749 2418 non
772 2391 830 2418 est
853 2384 948 2419 dare
971 2383 1108 2419 omnia
1142 2393 1290 2431 puncta
1324 2384 1365 2420 in
1397 2384 1465 2420 illo
1500 2393 1610 2421 moto
1644 2384 1795 2431 mobili,

481 2438 583 2475 sicut
616 2452 689 2476 nec
722 2449 779 2476 est
816 2441 911 2477 dare
951 2440 1120 2487 infinita,
1167 2451 1209 2478 ut
1252 2441 1359 2478 dicit.
1403 2446 1463 2488 20,
1511 2442 1606 2491 quia
1645 2442 1798 2479 claudit

483 2497 854 2534 contradiccionem
878 2498 1053 2547 aliquem
1078 2509 1271 2547 punctum
1304 2500 1599 2537 indivisibiliter
1620 2500 1797 2537 velocius

484 2555 634 2591 moveri
679 2569 799 2604 quam
846 2566 1030 2593 movetur
1073 2557 1218 2606 aliquis
1257 2557 1440 2604 istorum,
1488 2571 1577 2594 cum
1624 2571 1704 2595 non
1748 2558 1798 2595 sit

484 2613 674 2660 possibile
720 2627 841 2662 penes
875 2614 1007 2662 ipsum
1054 2629 1179 2651 unum
1229 2617 1418 2652 excedere
1452 2616 1561 2652 aliud
1594 2629 1664 2665 per
1696 2616 1856 2652 indi-40

483 2671 656 2707 visibile:
682 2673 789 2720 quod
824 2681 959 2708 tamen
1000 2682 1201 2720 oporteat,
1249 2676 1343 2710 dato
1388 2674 1457 2710 tali
1499 2684 1611 2710 motu
1658 2674 1797 2722 puncti

499 2839 512 2861 '3
553 2814 652 2845 23que
669 2807 719 2855 (or
732 2808 804 2841 quo)
821 2807 1049 2845 libetaedescribe
1066 2808 1102 2840 B;
1125 2808 1162 2834 ih.
1186 2795 1242 2835 tu‘i'e
1260 2817 1320 2843 pro
1342 2809 1451 2835 lineam
1476 2809 1496 2835 Β
1568 2843 1573 2853 1
1627 2809 1797 2862 53131ξῖ38.

483 2849 525 2901 ‘¹3'ss
551 2841 1152 2912 ffifflffi‘tlb.3gt3,p17ss].otrk1wgpdtcgrll33;
1181 2878 1219 2904 ih.
1243 2844 1471 2912 :gisstcssdz'ssffiss—
1542 2843 1742 2905 ⁸&i38f‘ii1'doirrn
1767 2844 1799 2905 5.
