2051 3327
275 422 323 449 No
344 430 401 448 one
422 428 476 447 can
498 421 544 447 sin

315 457 345 483 in
367 458 416 482 tl1e
437 456 502 482 lirst

292 493 407 518 instant
428 490 462 516 ot
481 490 527 516 liis

283 526 384 559 being,
406 525 533 551 because

272 561 353 591 God.
376 559 547 594 producing

274 596 337 621 tltat
359 595 448 628 being
463 594 545 622 theu,

313 630 415 656 would
438 629 502 654 also

307 664 442 698 produce
462 663 511 689 tlte

273 699 359 726 illicit
381 703 426 724 act
442 700 472 724 ot
488 698 544 724 sin.

328 1045 378 1071 All
400 1044 484 1070 these

326 1079 491 1113 positions,

315 1114 441 1148 granted
465 1113 502 1148 by

269 1146 434 1183 ignorance
449 1156 483 1174 or
499 1148 545 1174 for

311 1183 360 1209 tlte
382 1183 452 1209 sake
472 1183 507 1208 ot‘

287 1221 457 1252 argument,
478 1225 528 1243 are

309 1252 502 1286 impossible.

303 1335 343 1366 (4)
364 1334 375 1359 I
398 1337 509 1359 cannot

340 1368 399 1395 tind
422 1375 479 1402 any

269 1411 375 1429 means
396 1407 426 1428 to
450 1410 543 1436 prove

281 1439 343 1464 tllat
364 1438 412 1463 llic
434 1437 529 1462 world

306 1480 412 1498 moves
433 1479 502 1498 now

308 1509 411 1539 t‘aster,
433 1514 503 1532 now

337 1543 465 1573 slower;

313 1585 346 1603 so
367 1584 412 1602 we
434 1583 503 1609 may

318 1611 414 1638 admit
436 1611 500 1637 tliat

293 1646 457 1680 regularity
474 1647 508 1683 *ot

276 1685 451 1708 movement
472 1688 497 1706 is
519 1687 532 1705 a

322 1715 481 1749 necessity.

276 1751 365 1778 Thus
386 1758 431 1776 we
451 1750 530 1784 deity

331 1785 412 1811 wliat
432 1784 481 1811 tlte

323 1823 484 1854 argument

320 1862 484 1889 supposes.

313 1890 341 1916 11·
359 1890 423 1916 ltalt'
440 1889 489 1915 tlte

294 1925 394 1960 points
415 1925 444 1950 iu
465 1923 515 1950 tlte

302 1959 398 1986 world
420 1966 500 1985 were

313 1993 488 2027 destroyed,

267 2029 385 2063 leaving
399 2028 470 2063 only
490 2028 540 2054 tlte

283 2063 522 2091 circumference

318 2102 422 2131 mmet,
445 2097 493 2123 tlte

294 2133 392 2160 world
416 2131 516 2158 would

276 2169 311 2195 be
333 2176 365 2195 as
387 2167 479 2194 dense
500 2174 532 2192 as

270 2203 382 2235 before,
405 2203 456 2228 but
470 2201 540 2236 oul)v

291 2238 355 2264 half
372 2245 405 2263 as
426 2237 523 2270 large;

326 2271 384 2298 and
405 2271 478 2298 each

320 2308 480 2339 diameter,

295 2341 461 2376 seemingly
483 2348 515 2366 as

277 2377 347 2410 long
367 2384 399 2402 as
422 2375 534 2405 before,

279 2411 380 2437 would
405 2411 439 2436 bc
460 2410 530 2444 only

274 2447 332 2472 lialt
354 2446 392 2472 its
414 2449 532 2479 present

346 2481 457 2512 length.

1001 238 1226 268 „IOHANNIS
1253 238 1437 269 WYCLIF
1720 236 1808 264 CAP.
1832 236 1868 264 X.

562 343 828 391 corrupcione
861 343 1028 379 istorum
1065 343 1356 388 accidencium,
1403 343 1513 379 sicud
1561 344 1778 391 requiritur
1823 346 1871 380 ad

561 400 870 449 generacionem
920 410 956 437 et
1002 400 1310 448 corrupcionem
1358 413 1429 448 per
1461 413 1501 437 se
1534 401 1773 438 substancie.
1826 404 1873 438 Et

563 460 929 506 correspondentes
973 458 1119 494 dicitur
1164 460 1270 507 quod
1317 472 1397 495 non
1433 468 1489 494 est
1529 459 1719 506 possibile
1764 462 1871 507 quod

562 516 712 565 aliquid
748 530 820 564 pro
854 516 984 564 primo
1022 516 1185 552 instanti
1214 516 1273 552 sui
1313 529 1394 552 esse
1427 526 1563 564 peccet
1596 525 1686 553 actu
1721 517 1872 564 illicito,

562 587 607 610 eo
640 576 746 622 quod
782 577 1007 622 producens
1049 583 1181 610 actum
1228 574 1450 610 elicientem
1486 574 1597 610 illum
1635 576 1873 622 produceret

561 641 597 668 et
630 641 778 669 actum.
821 634 909 668 Non
943 645 1037 679 ergo
1071 632 1169 668 foret
1203 632 1241 667 in
1278 641 1476 679 potestate
1510 632 1705 668 elicientis
1738 642 1871 668 actum

561 690 670 725 illum
707 703 788 726 non
822 690 978 733 elicere,
1013 690 1069 725 vel
1095 703 1174 725 non
1198 689 1381 725 elicuisse
1406 689 1516 725 illum
1552 700 1684 726 actum
1733 699 1769 726 et
1804 704 1873 738 per

562 760 810 796 consequens
857 747 1061 784 racionale
1108 756 1209 784 esset
1255 749 1361 795 quod
1407 760 1486 783 non
1531 748 1778 795 obligaretur
1822 750 1872 784 ad

560 807 692 841 denuo
741 805 979 841 eliciendum
1028 805 1159 847 illum:
1206 818 1251 841 eo
1297 807 1402 853 quod
1450 807 1656 841 decretum
1705 815 1805 841 esset
1850 819 1871 842 a

559 863 710 899 lumine
755 863 958 910 obligante
991 863 1101 899 illum
1137 873 1269 900 actum
1317 875 1400 899 esse
1440 864 1500 899 vel
1544 863 1676 909 fuisse,
1723 872 1759 899 et
1804 876 1874 911 per

561 934 812 969 consequeus
846 934 927 957 non
961 930 1062 957 esset
1096 921 1133 956 in
1170 930 1368 969 potestate
1402 921 1607 968 obligante
1653 921 1873 958 declinasse

561 980 802 1015 eleccionem
837 979 927 1015 talis
972 989 1104 1019 actus:
1150 979 1243 1027 quia
1289 979 1365 1015 iam
1408 989 1500 1015 ante
1533 991 1614 1015 esse
1660 992 1789 1020 suum,
1836 989 1872 1015 et

562 1046 664 1084 post.
700 1037 911 1084 Ol‘iligacio
957 1049 1049 1084 ergo
1095 1037 1273 1084 precedit
1317 1046 1499 1084 tempore
1532 1046 1664 1073 actum
1709 1046 1745 1073 et
1780 1049 1872 1073 con-

561 1095 727 1130 trarium
762 1094 1017 1142 oliligacioni.
1053 1096 1177 1131 Multa
1213 1108 1306 1142 ergo
1331 1104 1421 1130 sunt
1456 1095 1651 1131 instancia
1684 1094 1871 1131 ordinata

562 1152 745 1200 regimini
783 1152 969 1198 universi,
1005 1161 1040 1188 et
1080 1165 1149 1200 per
1183 1165 1431 1201 consequens
1455 1152 1718 1200 impossibilia
1744 1151 1870 1203 [sunt]

560 1223 636 1258 que
670 1210 939 1246 communiter
984 1210 1255 1246 admittuntur
1294 1211 1353 1246 vel
1398 1219 1561 1258 propter
1594 1210 1870 1257 ignoraneiam

560 1269 617 1303 vel
652 1268 787 1315 gracia
821 1268 1058 1315 argumenti.

616 1328 675 1361 Ad
710 1330 766 1374 40¹
804 1326 951 1362 dicitur
983 1327 1092 1374 quod
1138 1338 1217 1361 non
1263 1334 1319 1361 est
1366 1325 1484 1361 michi
1533 1326 1649 1362 facile
1692 1326 1869 1363 invenire

562 1383 737 1420 medium
774 1386 822 1420 ad
859 1385 1112 1432 probandum
1161 1385 1267 1431 quod
1304 1385 1474 1419 mundus
1507 1393 1640 1431 potest
1673 1396 1751 1420 una
1786 1383 1869 1420 vice

561 1442 707 1478 moveri
754 1442 907 1478 tardius
952 1451 988 1477 et
1034 1442 1109 1477 alia
1144 1441 1227 1478 vice
1267 1441 1453 1478 velocius.
1502 1443 1593 1478 Ideo
1627 1451 1757 1489 potest
1791 1442 1867 1478 dici

559 1501 664 1547 quod
699 1500 925 1536 necessario
951 1499 1165 1547 requiritur
1188 1500 1236 1535 ad
1260 1499 1518 1535 duracionem
1556 1500 1692 1536 mundi
1716 1512 1869 1536 succes-

559 1558 682 1594 sivam
731 1571 831 1605 eque
874 1559 985 1594 velox
1033 1567 1177 1602 motus,
1231 1559 1438 1605 quomodo
1485 1570 1565 1594 non
1610 1566 1741 1605 potest
1786 1570 1869 1594 esse

560 1625 692 1652 motus
715 1615 903 1666 velocior,
938 1625 979 1651 ut
1002 1616 1112 1664 prius
1136 1615 1285 1651 dictum
1325 1624 1381 1652 est
1431 1617 1544 1652 Unde
1567 1616 1701 1663 negari
1738 1625 1869 1663 potest

558 1683 808 1721 assumptum
845 1673 883 1709 in
917 1683 1169 1721 argumento,
1207 1686 1252 1709 eo
1276 1675 1381 1721 quod
1407 1683 1565 1722 oportet
1591 1675 1784 1709 mundum
1811 1678 1866 1711 2¹n

557 1732 732 1780 aliquam
769 1731 852 1767 eius
886 1741 1039 1779 partem
1081 1744 1166 1767 esse
1200 1744 1299 1779 eque
1331 1731 1521 1768 velociter
1567 1741 1718 1767 motum
1755 1731 1867 1768 sicud

558 1790 720 1838 aliquod
755 1799 885 1837 potest
911 1789 1072 1835 moveri,
1109 1798 1144 1826 et
1177 1789 1290 1825 sicud
1316 1799 1425 1825 moto
1459 1803 1480 1826 a
1505 1789 1712 1837 horelogio
1746 1792 1867 1826 modo

558 1861 637 1895 quo
671 1847 848 1896 ponitur,
894 1860 1065 1896 sequens
1099 1856 1157 1884 est
1191 1848 1298 1895 quod
1337 1848 1507 1883 mundus
1555 1856 1761 1884 moveatur
1806 1849 1867 1884 vel

558 1915 667 1942 motu
715 1905 834 1942 locali
877 1906 938 1942 vel
984 1915 1094 1942 motu
1135 1905 1391 1942 alteracionis
1437 1906 1490 1942 ita
1522 1906 1710 1942 velociter
1754 1904 1866 1942 sicud

558 1973 697 2011 potest.
751 1965 869 2009 Quod
913 1963 943 1999 si
990 1973 1122 2000 motus
1166 1963 1422 2000 alteracionis
1466 1976 1546 1999 non
1600 1972 1730 2012 potest
1783 1976 1867 2000 esse

556 2019 724 2057 univoce
769 2022 879 2057 velox
925 2034 1014 2057 cum
1064 2030 1173 2057 motu
1218 2021 1336 2057 locali
1384 2028 1435 2064 (et
1480 2021 1535 2058 sic
1582 2024 1753 2057 mundus
1785 2034 1864 2057 non

556 2092 656 2127 eque
688 2078 878 2115 velociter
911 2078 1071 2116 alterari
1104 2088 1234 2127 potest
1266 2078 1366 2115 sicut
1392 2080 1626 2115 movebatur
1656 2079 1866 2129 localiter),

556 2146 651 2173 tunc
684 2146 843 2185 oportet
868 2138 974 2185 quod
1009 2149 1109 2185 eque
1132 2137 1321 2173 velociter
1346 2146 1553 2174 moveatur
1585 2137 1696 2173 sicud
1721 2146 1864 2185 potest.

558 2197 685 2240 Unde,
748 2195 850 2231 sicut
903 2195 1011 2243 prius
1064 2204 1215 2232 tactum
1271 2204 1342 2246 est,
1406 2204 1594 2243 corrupta
1652 2194 1865 2231 medietate

560 2252 816 2289 materiarum
859 2253 1108 2300 punctalium
1145 2252 1295 2297 mundi,
1342 2253 1476 2301 quieta
1511 2253 1678 2289 materia
1725 2252 1865 2289 lineari

558 2310 596 2346 in
649 2310 977 2347 circumferencia
1013 2311 1166 2357 mundi,
1210 2311 1341 2347 adhuc
1390 2312 1488 2347 foret
1542 2313 1714 2347 mundus
1765 2323 1865 2359 eque

556 2428 621 2462 sed
668 2427 706 2462 in
753 2422 810 2461 2¹0
857 2426 1000 2462 minor*
1056 2429 1101 2462 Et
1148 2427 1200 2462 ita
1246 2426 1420 2474 quelibet
1465 2428 1670 2474 dyameter
1712 2426 1864 2476 mundi,

556 2484 683 2531 posita
703 2484 978 2521 uniformitate
997 2484 1204 2520 densitatis
1230 2485 1408 2529 materie,
1436 2485 1535 2520 soret
1551 2484 1589 2520 in
1608 2481 1663 2521 2¹0
1692 2484 1862 2529 brevior,

556 2542 738 2589 quamvis
772 2542 1023 2589 ymaginacio
1057 2543 1163 2579 dicat
1196 2542 1441 2590 oppositum.

623 2823 650 2843 sl.
673 2806 792 2842 adt-niso
814 2815 845 2842 B.
927 2824 968 2842 io.
990 2816 1056 2842 alue
1073 2824 1134 2850 pro
1155 2824 1170 2842 a
1191 2815 1306 2842 lumine
1327 2815 1364 2848 B3
1386 2816 1424 2842 ib.
1446 2816 1534 2843 oblite
1555 2815 1585 2842 B.
1664 2822 1696 2841 11.
1719 2814 1807 2842 oblite
1829 2814 1861 2840 Β.

554 2849 578 2876 15
612 2855 680 2876 sunt
701 2852 784 2876 deest
803 2850 835 2877 Β.
927 2850 967 2877 25.
996 2851 1076 2876 velor
1101 2853 1134 2876 Β.

1893 877 1930 897 ΙΟ

1894 1155 1927 1187 15

1887 1455 1928 1475 20

1886 1735 1925 1766 25

1882 2313 1920 2346 35

557 2370 713 2414 densus,
760 2377 801 2404 ut
848 2368 956 2416 prius
990 2369 1139 2405 dictum
1175 2378 1232 2405 est
1261 2369 1264 2420 Ι
1295 2400 1301 2415 ‚
1333 2371 1399 2405 sed
1433 2382 1513 2405 non
1548 2382 1648 2416 eque
1683 2381 1862 2416 magnus,
1886 2370 2007 2414 3174''
2044 2363 2051 2421 ᾖ
