2051 3327
191 881 228 902 10

193 1160 227 1192 15

95 1382 122 1419 Β
147 1383 224 1422 127²*

190 1460 231 1481 20

191 1739 230 1771 25

191 2316 229 2351 35

188 2617 232 2647 40

244 238 331 265 CAP.
353 237 404 265 ix.
805 239 990 271 LOGICA.
1789 230 1839 277 83

243 346 355 382 tinua
389 346 625 394 descriptive
658 346 773 382 talia:
820 358 982 394 quorum
1030 345 1165 380 ultima
1203 351 1289 380 ,sunt
1330 356 1465 387 ztnzmi,·
1508 351 1551 378 ut
1586 351 1681 389 limus
1704 350 1738 377 of
1754 355 1816 389 two

244 405 322 440 duo
354 413 501 451 puncta
533 404 750 439 immediate
782 404 910 451 posita
943 415 1151 451 nunquam
1186 401 1414 437 huiusmodi
1459 413 1552 436 con·
1586 386 1820 450 ᾗᾞῐᾞῇἓᾶΐῗᾞῇῐ

243 461 412 497 stituunt
446 463 648 509 quoddam
685 474 822 507 unum,
857 463 964 509 quod
1000 470 1056 497 est
1088 459 1285 496 terminus
1326 455 1835 526 COfflmUniStssssssl-{lossnttgutssssff

243 519 415 566 utrique,
461 519 853 555 communicancium
889 518 1117 566 parcialiter
1151 517 1189 552 in
1237 517 1390 552 eodem.
1439 517 1554 552 Unde
1644 532 1767 555 arenot

244 577 476 613 conceditur
522 579 629 625 quod
675 577 848 624 quelibet
894 576 1159 624 quantitativa
1205 573 1451 621 corporeitas
1498 582 1554 608 est
1582 563 1836 632 nggffijfsslljam

243 634 283 670 in
314 634 513 682 potencia,
544 647 624 671 non
655 644 791 670 tamen
824 634 1107 682 distinguendo
1141 631 1370 680 potenciam
1415 639 1554 667 contra
1581 634 1646 685 1114}
1667 628 1832 694 allgbooliels

244 701 390 730 actum.
423 692 471 728 Et
502 692 558 729 sic
590 692 727 728 omnia
762 705 933 740 corpora
966 704 1042 739 que
1074 703 1156 727 non
1192 699 1283 726 sunt
1321 689 1553 725 continuata
1596 670 1803 736 aqwqrtihzaessttza

244 763 333 786 cum
368 750 604 798 corporibus
638 750 816 786 eiusdem
851 749 998 797 speciei
1044 749 1292 785 constituunt
1337 759 1551 783 numerum
1587 737 1820 807 degg'liffillfigjjff

244 809 454 860 actualem.
481 810 528 844 Et
552 808 807 844 continuacio
840 807 981 844 talium
1008 820 1097 843 cum
1122 806 1360 854 corporibus
1385 803 1554 852 disparis
1598 809 1819 856 becausefhey

243 865 403 913 speciei,
463 865 729 902 adnascencia
780 866 840 902 vel
886 864 1140 913 contiguacio
1198 863 1442 899 nominatur.
1501 864 1556 897 Ex
1588 851 1651 905 Ῑὲζξ
1669 851 1828 912 ζὲζὲῗὲῗζά

244 936 323 971 quo
355 932 465 972 patet
498 926 605 971 quod
645 925 717 960 hec
761 925 853 969 duo,
899 922 1155 960 continuacio
1200 930 1237 957 et
1288 919 1554 967 contiguacio,
1605 913 1811 974 ἓΐξζῑῇεοὲἓξῑξὲ

243 994 324 1017 non
355 991 447 1017 sunt
479 981 631 1029 species
665 981 848 1018 distincte
882 994 925 1017 ex
957 980 1157 1029 opposito,
1191 981 1258 1015 sed
1291 978 1430 1026 pocius
1463 990 1556 1013 con-
1589 981 1829 1043 kingf³tii³eeirfm

244 1039 422 1075 tinuacio
455 1049 511 1075 est
544 1052 667 1087 genus
699 1039 921 1087 utriusque.
963 1038 1164 1085 Contigua
1197 1036 1301 1073 enim
1338 1044 1429 1072 sunt
1461 1047 1556 1083 que-
1571 1051 1719 1085 touching
1739 1050 1847 1077 bodies

246 1109 403 1145 cunque
443 1109 483 1133 se
522 1097 733 1145 tangencia
772 1097 943 1145 disparis
988 1095 1149 1144 speciei,
1195 1107 1368 1142 quorum
1413 1093 1556 1129 ultima
1589 1088 1663 1148 13ἓὲ
1683 1086 1826 1147 ξὸῗῗέζῆῗέἑ

245 1164 336 1191 sunt
358 1155 489 1193 simul.
514 1157 562 1191 Et
585 1155 616 1191 si
640 1164 730 1191 sunt
746 1168 917 1203 corpora
937 1154 1107 1202 disparis
1131 1152 1290 1200 speciei,
1309 1151 1463 1187 confixa
1486 1163 1557 1198 per
1618 1155 1802 1195 contiguus,
1822 1197 1828 1201 ἱ

246 1213 457 1248 humidum
493 1213 731 1249 continuans
764 1214 814 1249 ad
847 1217 905 1262 3¹1¹
939 1213 1348 1259 integrandum,tunc
1381 1218 1472 1245 sunt
1506 1210 1554 1244 ad
1572 1191 1841 1259 xquycgignitsinauistgiit

247 1272 322 1307 hoc
354 1279 460 1316 nata,
494 1280 537 1306 ut
569 1284 625 1317 os,
667 1270 871 1318 cartilago,
911 1282 1055 1307 nervus
1089 1278 1126 1305 et
1159 1278 1304 1313 cetera,
1349 1276 1385 1302 et
1418 1266 1554 1303 onmia
1590 1259 1824 1322 gffiffesdfffijsi’}

246 1341 392 1376 genera
416 1328 703 1365 concurrencia
727 1330 775 1364 ad
799 1328 1117 1376 integracionem
1144 1325 1325 1373 corporis
1357 1323 1553 1360 animalis.
1672 1329 1703 1356 in
1724 1337 1770 1376 a:

246 1388 338 1422 Ideo
381 1399 472 1423 vere
517 1386 612 1423 dicit
640 1383 644 1439 l
674 1395 970 1423 commentator
1017 1387 1123 1433 quod
1164 1384 1204 1419 in
1244 1381 1555 1430 methaphysicis
1598 1363 1820 1425 metgagpsjgsical

246 1457 327 1480 non
365 1443 495 1480 differt
535 1444 789 1492 contiguacio
827 1457 849 1480 a
888 1442 1210 1487 continuacione,
1266 1453 1355 1476 cum
1391 1452 1437 1476 eo
1470 1439 1556 1487 ipso

247 1503 355 1550 quod
401 1502 542 1539 ultima
587 1502 783 1538 linearum
829 1501 1133 1550 superficierum
1189 1511 1419 1546 corporum,
1466 1505 1557 1532 sunt

247 1560 365 1596 simul
396 1573 521 1596 unum
555 1560 812 1607 continuum3
846 1569 883 1596 et
917 1568 1095 1597 econtra.

304 1618 479 1654 Ulterius
502 1620 723 1654 notandum
751 1627 807 1653 est
831 1617 1017 1654 iuvamen
1033 1618 1323 1653 elementorum
1348 1614 1388 1649 in
1412 1612 1556 1658 mixtis,
1589 1619 1656 1646 The
1676 1619 1822 1658 clements

247 1677 297 1712 ad
321 1676 655 1712 constitucionem
680 1685 717 1712 et
740 1676 1035 1723 perfeccionem
1060 1674 1118 1711 sui
1143 1671 1367 1720 compositi.
1386 1672 1556 1718 Oportet
1573 1654 1840 1722 conctuggiqtgvely

248 1742 380 1769 autem
423 1733 462 1769 in
495 1734 606 1769 omni
647 1734 769 1770 mixto
808 1734 986 1781 perfecto
1025 1742 1172 1769 terram
1224 1743 1302 1778 quo
1335 1730 1385 1765 ad
1424 1728 1556 1764 multi·
1601 1723 1769 1785 Psssfffiglissn
1790 1728 1821 1750 10

247 1791 427 1827 tudinem
481 1791 695 1837 dominari,
747 1800 912 1839 propter
960 1791 1069 1827 mixti
1133 1787 1421 1825 constanciam.
1474 1788 1556 1822 Nec
1605 1793 1812 1832 compoupds.

247 1848 363 1885 aliter
414 1858 515 1885 esset
558 1849 734 1885 iuvatum
781 1849 1000 1886 efficienter
1046 1860 1183 1884 sensus
1228 1855 1371 1882 tactus.
1424 1845 1552 1891 Unde,
1602 1829 1814 1897 ᾃζὲξῖξῐξιζῇᾖ

247 1908 465 1943 secundum
500 1907 740 1955 analogiam,
762 1908 811 1943 ad
835 1920 951 1943 suum
975 1906 1162 1943 sensibile
1195 1905 1386 1940 fundatur
1418 1914 1556 1938 sensus
1573 1897 1765 1959 Dalpflffifflg’
1787 1897 1847 1924 and

246 1973 376 2000 tactus
419 1965 508 2013 plus
552 1965 799 2001 necessarius
852 1965 938 2001 aliis
995 1965 1035 2000 in
1087 1975 1209 2000 nervo
1255 1960 1358 1997 retili
1410 1969 1555 2005 terreo,
1574 1966 1789 2001 predominate
1809 1967 1839 1993 in

247 2022 387 2058 ceteris
419 2022 671 2059 sensibilibus
704 2024 791 2071 plus
825 2032 991 2060 extense.
1015 2024 1185 2070 Oportet
1217 2020 1395 2055 secundo
1428 2017 1556 2053 inesse
1590 2001 1832 2071 cegssrgogggfeqtt

246 2089 432 2116 naturam
486 2093 656 2129 aqueam
702 2083 752 2117 ad
798 2080 1098 2116 multitudinem
1144 2088 1362 2122 terrenam,
1408 2075 1556 2111 forcius
1584 2071 1784 2133 isstlssglffilsiss
1805 2071 1840 2098 of

248 2138 529 2174 colliniendam
575 2148 760 2184 terream,
807 2147 844 2174 et
885 2140 934 2175 ad
980 2137 1262 2174 stabiliendum
1308 2135 1347 2170 in
1393 2132 1556 2169 homine

246 2207 404 2232 sensum
438 2205 587 2244 gustus,
612 2209 731 2244 quem
757 2205 917 2244 oportet
939 2197 1106 2233 fundare
1140 2195 1180 2230 in
1213 2194 1382 2229 humore
1412 2203 1554 2239 aqueo,
1573 2175 1849 2245 ngerizigfflgssthe

247 2255 395 2289 nedum
419 2256 553 2301 quoad
575 2254 752 2302 linguam
777 2263 813 2290 et
846 2263 985 2302 partes
1009 2265 1201 2301 pororum
1229 2249 1426 2287 extensius
1446 2249 1555 2285 adia-
1572 2245 1780 2314 ngcaerstga’ffig
1792 2244 1842 2305 tifie

249 2320 394 2347 centes.
438 2313 515 2348 Sed
561 2325 579 2348 e
625 2325 816 2348 converso
849 2325 928 2360 quo
962 2313 1011 2348 ad
1057 2311 1209 2359 gustale
1255 2309 1364 2357 quod
1397 2315 1555 2354 oportet
1588 2323 1676 2354 sen-se
1696 2315 1731 2342 of
1747 2318 1823 2340 taste

250 2382 368 2405 omne
402 2369 612 2405 humidum
660 2383 849 2418 aqueum,
895 2370 927 2406 si
971 2378 1131 2417 gustum
1176 2369 1347 2404 debeant
1386 2378 1554 2413 propor—
1640 2358 1670 2376 ¹¹¹
1692 2357 1774 2376 man.

250 2426 458 2463 cionaliter
492 2436 660 2476 mutare,
695 2437 732 2464 et
770 2441 917 2476 genera
955 2427 1096 2464 talium
1130 2426 1378 2462 obiectorum
1413 2435 1552 2459 sensus

249 2484 511 2532 distingwere,
550 2495 594 2521 ut
626 2485 820 2522 sensitum
853 2498 923 2534 per
956 2487 1104 2521 habens
1137 2496 1274 2520 sensus
1307 2480 1551 2526 huiusmodi,

247 2543 394 2578 nedum
428 2556 507 2591 quo
541 2545 590 2579 ad
623 2543 828 2589 noticiam,
863 2545 928 2580 sed
965 2542 1092 2579 eciam
1126 2543 1176 2578 ad
1209 2553 1301 2577 esse.
1336 2541 1383 2575 Et
1416 2538 1553 2574 omnia
1587 2558 1635 2584 All
1658 2557 1762 2590 things
1784 2565 1834 2584 are

248 2599 344 2636 talia
377 2609 469 2636 sunt
501 2601 688 2637 ordinata
722 2603 771 2637 ad
804 2601 1008 2638 hominem
1041 2609 1085 2636 ut
1117 2601 1167 2636 ad
1200 2599 1334 2635 finem.
1359 2598 1451 2633 Ideo
1474 2609 1555 2632 non
1580 2592 1669 2618 made
1690 2593 1738 2619 for
1758 2600 1841 2625 man,

1581 2627 1640 2653 and
1660 2627 1710 2653 the
1732 2635 1842 2653 reason

247 2657 551 2706 impertinenter
584 2659 789 2696 reducitur
823 2672 944 2696 causa
977 2657 1177 2694 mixtionis
1202 2657 1493 2693 elementorum
1517 2654 1557 2690 in
1609 2662 1806 2730 conigoadbds

1621 2731 1725 2758 which
1746 2739 1797 2758 are

317 2812 338 2831 1.
365 2808 467 2831 motus
493 2813 625 2840 quorum
646 2805 679 2832 B.
765 2806 793 2833 6.
808 2795 909 2840 'spoita
930 2804 969 2838 B;
997 2804 1035 2831 ib.
1063 2811 1177 2838 ponam
1205 2802 1236 2829 Β.
1342 2800 1381 2828 18.
1410 2800 1497 2835 genia
1527 2800 1549 2827 Β

245 2863 288 2892 23.
307 2853 416 2891 Iuvasffe
438 2862 471 2890 Β.
555 2870 602 2897 29.
624 2862 709 2890 aliter
731 2862 771 2897 Β;
793 2862 831 2889 ib.
853 2862 925 2889 r'tiii
947 2861 980 2889 B.
1071 2859 1115 2888 38.
1138 2859 1216 2895 spvus
1240 2860 1272 2886 Β.

1351 2908 1402 2940 5÷÷
