2051 3327
244 594 269 620 lt
290 593 315 619 is
337 600 408 626 easy
428 595 457 617 to

259 625 448 655 understand

225 663 295 697 why
316 662 366 688 the
387 663 487 687 centra:

242 698 267 724 is
288 695 459 728 absolutely

238 731 326 765 tixcd,
348 730 407 756 ancl
427 730 476 755 the

219 766 305 802 point
325 769 394 792 next
415 768 444 790 to
467 764 486 789 it

238 801 371 834 changes
392 799 477 833 place

293 832 423 861 without

222 868 398 908 scpurafing
413 868 493 895 from

337 908 375 936 λῖς

255 939 284 966 in
306 939 355 965 the
375 946 459 964 same

290 981 356 1008 way
377 974 427 999 the

248 1012 422 1035 mox-ement
442 1008 477 1034 ot'

241 1048 301 1070 two
324 1042 427 1076 points
449 1042 478 1068 in

245 1083 306 1104 two
327 1078 469 1111 instants,

258 1112 316 1139 aud
338 1111 372 1138 of
390 1112 462 1147 only

271 1154 329 1173 one
349 1146 378 1173 iu
401 1146 449 1173 the

233 1190 318 1208 same
340 1181 421 1214 time,
444 1180 483 1207 do

275 1220 327 1243 not
348 1216 445 1251 imply

241 1251 430 1284 separation,
452 1258 485 1276 as

259 1286 327 1320 they
350 1285 454 1312 follow

242 1322 321 1347 from
342 1320 392 1346 the
412 1319 479 1346 idea

251 1355 285 1382 of
302 1363 318 1381 a
340 1354 464 1381 smallcr

310 1390 410 1421 circle,

222 1424 325 1451 which
347 1432 499 1459 supposes

280 1467 295 1485 a
317 1459 441 1485 smallcr

238 1494 375 1521 distance
396 1498 425 1519 to
447 1493 482 1519 be

260 1528 370 1567 passed
392 1536 465 1554 over

263 1572 292 1590 111
315 1571 351 1601 an
373 1563 460 1598 equal

324 1602 405 1624 nme.

927 255 1152 286 JOHANNIS
1179 253 1364 284 WYCLIF
1654 250 1742 278 CAP.
1764 251 1815 278 lX.

505 373 676 412 punctus
718 372 824 399 extra
865 360 1198 409 equinoccialem,
1246 371 1400 395 cessare
1440 359 1561 395 talem
1596 361 1716 395 situm
1751 363 1818 397 de-

505 421 678 458 scribere
702 433 824 456 unum
851 419 998 467 pluries
1029 427 1066 454 et
1099 418 1221 454 alium
1257 416 1437 465 paucius,
1471 418 1691 453 secundum
1716 417 1818 454 limi-

506 478 705 515 tacionem
739 487 882 514 nature
923 475 1147 513 ordinantis
1187 476 1308 512 talem
1349 473 1596 523 posicionem
1637 475 1816 523 parcium

507 538 606 574 situs
641 536 793 572 mundi.

569 597 649 630 Nec
683 603 740 630 est
771 593 932 630 difficile
957 593 1203 629 intellectum
1229 591 1441 638 concipere
1465 592 1673 638 quomodo
1697 604 1821 639 punc-

508 664 570 691 tus
604 652 791 689 centralis
824 650 1003 688 manebit
1037 651 1157 686 fixum
1193 658 1230 685 et
1263 658 1435 697 punctus
1469 648 1543 684 sibi
1576 648 1821 686 inmediatus

509 710 741 760 suppositus
787 710 827 746 in
876 708 1130 745 revolucione
1175 708 1319 743 diurna
1364 706 1593 755 acquireret
1645 719 1669 755 4
1722 707 1821 743 situs

510 772 710 817 adequate
743 768 830 804 sine
864 765 1241 803 discontinuacione
1276 765 1358 801 eius
1383 778 1405 801 a
1429 773 1587 812 centr03
1622 764 1716 812 quia
1739 778 1820 801 non

511 837 568 864 est
601 825 701 862 situs
735 825 802 874 qui
835 825 1108 862 intercideret.
1143 826 1191 860 Et
1224 836 1295 871 per
1326 823 1446 869 idem,
1480 824 1514 858 A
1537 830 1687 870 puncto
1712 822 1822 871 equi-

510 884 682 922 nocciali
715 883 901 920 orientali
934 890 1242 931 pertranseunte
1277 882 1375 917 duos
1409 881 1507 917 situs
1539 880 1748 928 punctales
1781 880 1821 916 in

512 944 668 979 duobus
707 941 973 991 instantibus;
1006 949 1043 976 et
1076 941 1118 986 Β,
1164 939 1237 975 sibi
1271 948 1420 987 puncto
1454 937 1689 984 immediato,
1733 950 1821 986 per-

511 1009 744 1038 transeunte
777 1008 936 1036 tantum
970 1011 1095 1034 unum
1128 997 1169 1033 in
1203 998 1330 1034 altero
1364 997 1524 1033 illorum
1564 996 1822 1042 instandum,

512 1072 592 1095 non
644 1059 746 1094 foret
800 1056 1124 1093 discontinuacio
1187 1055 1348 1091 illorum
1410 1062 1669 1103 punctorum,
1733 1067 1822 1091 cum

512 1116 665 1165 posicio
718 1115 925 1152 circularis
987 1114 1134 1150 situum
1190 1112 1440 1161 punctalium
1496 1112 1664 1161 requirit
1716 1113 1824 1160 quod

513 1188 594 1211 non
626 1174 841 1210 intercidat
883 1173 983 1210 alius
1016 1172 1113 1208 situs
1146 1171 1358 1220 punctalis.
1400 1173 1447 1206 Et
1485 1170 1591 1207 idem
1631 1169 1825 1218 contingit

513 1234 676 1281 quando
709 1245 811 1268 unus
844 1240 1016 1280 punctus
1051 1239 1247 1275 movetur,
1283 1239 1319 1265 et
1353 1228 1454 1265 alius
1484 1228 1557 1264 sibi
1581 1228 1824 1264 immediatus

514 1290 694 1339 quiescit.
749 1290 789 1326 Si
829 1302 923 1337 ergo
963 1291 1042 1325 duo
1082 1296 1230 1336 puncta
1274 1287 1443 1335 signata,
1484 1286 1524 1322 in
1557 1286 1824 1334 equinocciali

515 1358 551 1385 et
585 1348 734 1385 circulo
768 1347 842 1384 sibi
874 1346 1109 1392 inmediato,
1144 1347 1338 1382 haberent
1370 1357 1471 1392 pene
1501 1353 1559 1380 tot
1581 1343 1678 1380 situs
1702 1357 1824 1392 punc-

515 1407 613 1443 tales
648 1405 847 1442 materiali
883 1414 1065 1453 tempore
1099 1404 1390 1448 distribuendo,
1433 1411 1469 1439 et
1502 1415 1604 1438 unus
1637 1411 1825 1450 pausaret

515 1477 585 1512 per
617 1464 768 1500 instans
801 1473 838 1500 et
871 1463 970 1500 alius
1002 1475 1082 1499 non
1115 1471 1316 1510 pausaret,
1351 1470 1446 1497 tunc
1478 1461 1584 1497 facta
1617 1460 1825 1496 continua-

519 1522 632 1559 cione
666 1522 969 1558 revolucionum
1006 1521 1214 1566 distarent,
1260 1529 1303 1555 ut
1343 1518 1535 1556 innuitur.
1580 1518 1656 1554 Sed
1690 1519 1826 1564 modo,

518 1580 883 1628 proporcionaliter
915 1589 958 1615 ut
981 1588 1153 1627 punctus
1186 1577 1386 1626 pausabit,
1421 1575 1584 1613 habebit
1616 1576 1827 1623 pauciores

516 1638 628 1685 situs,
662 1637 861 1674 describet
894 1637 1015 1674 situm
1049 1637 1281 1685 punctalem
1315 1635 1355 1671 in
1389 1647 1468 1683 quo
1503 1633 1710 1682 pausabit3
1745 1646 1827 1670 non

516 1696 556 1732 in
595 1695 727 1744 primo
764 1696 931 1732 instanti
969 1694 1242 1743 pausacionis‚
1292 1693 1387 1741 quia
1419 1705 1489 1740 per
1522 1692 1627 1728 idem
1661 1691 1701 1728 in
1735 1704 1827 1728 casu

517 1754 669 1802 aliquid
704 1754 947 1790 describeret
979 1753 1099 1789 situm
1134 1752 1362 1800 punctalem
1398 1762 1518 1798 super
1550 1762 1668 1798 quem
1701 1762 1827 1798 prope
1869 1750 1878 1781 Σ

519 1812 759 1861 quiesceret3
805 1824 877 1848 nec
910 1812 950 1847 in
989 1815 1035 1849 20
1080 1810 1259 1857 instanti,
1309 1809 1404 1857 quia
1448 1818 1542 1845 tunc
1579 1817 1679 1844 esset
1732 1809 1828 1843 dare

520 1870 694 1918 primum
719 1870 870 1907 instans
894 1879 1027 1906 motus
1050 1882 1123 1918 pro
1153 1882 1233 1917 quo
1269 1867 1413 1903 mobile
1448 1875 1549 1904 esset
1581 1866 1622 1902 in
1654 1866 1827 1903 termino

519 1928 670 1976 ahquo.

577 1988 655 2022 Ista
695 1995 827 2023 autem
871 1995 928 2022 est
979 1985 1195 2021 difficultas
1247 1983 1390 2031 logica,
1451 1991 1665 2031 postquam
1706 1982 1827 2018 homo

521 2043 690 2080 moverit
712 2044 927 2081 scienciam
954 2042 1132 2079 veritatis
1156 2042 1426 2088 inveniuntur,
1460 2041 1551 2077 ideo
1575 2039 1828 2076 menciuntur

520 2102 634 2138 multi
668 2102 882 2139 verbaliter
915 2102 1194 2138 concedentes.
1228 2099 1350 2136 Michi
1383 2108 1516 2135 autem
1541 2098 1698 2135 videtur
1720 2098 1828 2145 quod

518 2160 650 2196 omnis
696 2159 921 2208 descripcio
966 2159 1065 2196 situs
1105 2158 1304 2206 punctalis
1347 2167 1404 2193 est
1444 2170 1516 2205 pro
1556 2156 1624 2192 illo
1664 2154 1828 2192 instanti

521 2232 593 2266 pro
628 2231 707 2266 quo
742 2218 889 2254 mobile
922 2218 1110 2265 punctale
1144 2225 1201 2253 est
1235 2216 1275 2252 in
1308 2216 1375 2252 illo
1399 2215 1489 2261 situ,
1524 2224 1562 2251 et
1584 2214 1624 2250 in
1648 2213 1829 2262 proximo

520 2276 684 2313 instanti
725 2275 984 2324 subsequenti
1025 2284 1082 2312 est
1122 2274 1161 2311 in
1195 2274 1288 2321 alio,
1335 2283 1372 2310 et
1405 2286 1474 2321 per
1508 2284 1757 2320 consequens
1791 2271 1830 2307 in

592 2525 628 2544 12.
651 2509 692 2544 (an
715 2517 747 2544 Β.
854 2516 893 2543 18.
917 2507 953 2550 p}
974 2515 1006 2542 B.
1092 2523 1133 2550 ις).
1156 2501 1225 2542 [ῃῖἸί
1247 2514 1279 2541 Β.

594 2635 647 2667 29.
673 2625 821 2667 Logica.
859 2623 945 2654 This
971 2630 1145 2655 sentence.
1184 2623 1194 2654 l
1221 2622 1309 2653 have
1342 2628 1400 2652 not
1437 2621 1494 2653 the
1527 2620 1686 2663 slightest
1712 2621 1831 2660 doubt,

525 2673 551 2702 is
578 2671 636 2702 the
664 2678 760 2702 exact
787 2670 930 2711 reading
956 2669 996 2700 of
1018 2669 1075 2700 the
1102 2670 1190 2705 Ms.;
1217 2668 1278 2700 but
1310 2669 1333 2699 it
1358 2668 1421 2699 has
1447 2678 1492 2699 no
1518 2678 1618 2699 sense
1645 2667 1832 2707 whatever,

524 2729 562 2748 so
591 2718 640 2748 far
665 2727 702 2748 as
729 2718 738 2748 I
767 2727 829 2748 can
860 2726 937 2755 see;
964 2716 1131 2758 probably
1159 2726 1201 2746 an
1227 2715 1414 2756 important
1451 2715 1632 2745 omission.
1675 2714 1727 2745 No
1765 2723 1833 2744 one

525 2763 605 2794 who
633 2764 765 2795 studies
791 2763 857 2794 this
884 2773 990 2804 pagos
1017 2772 1079 2793 can
1107 2762 1216 2793 doubt
1241 2761 1314 2792 that
1339 2760 1396 2792 the
1430 2761 1564 2803 copyist
1589 2770 1660 2791 was
1687 2770 1723 2791 as
1749 2769 1832 2801 neg-

524 2810 630 2851 ligent
668 2820 703 2840 as
735 2809 788 2840 his
826 2810 966 2850 writing
997 2809 1024 2839 is
1051 2808 1214 2850 illegible.
1257 2808 1317 2838 Dr.
1358 2806 1522 2849 Rudolph
1549 2807 1636 2838 Beer
1662 2805 1777 2837 thinks
1809 2806 1834 2836 it

525 2866 596 2886 was
629 2866 647 2887 a
674 2857 842 2887 student's
870 2866 968 2897 copy,
996 2855 1049 2886 for
1074 2854 1128 2886 his
1153 2864 1233 2885 own
1260 2864 1331 2885 use.

1843 893 1881 914 10

1847 1172 1881 1202 15

1845 2042 1860 2073 3
1865 2052 1886 2071 0
