2051 3327
271 241 358 270 CAP.
380 241 431 271 1x.
824 246 1009 278 LOGICA.
1820 239 1869 290 87

326 353 471 388 Parum
505 360 640 388 tamen
671 351 847 388 locutum
884 361 941 389 est
975 354 1022 389 de
1046 353 1114 391 illo
1139 354 1274 390 colore
1297 354 1358 390 vel
1382 354 1577 402 colorato,
1665 362 1795 403 Reman<

268 411 374 458 quod
397 410 529 458 primo
552 410 812 458 appropriate
837 410 917 458 agit
940 411 1115 459 speciem
1141 420 1177 448 et
1202 411 1393 448 terminat
1426 413 1579 450 distan-
1619 404 1845 468 ςῶῗξξξῃέἕψ

268 467 370 504 ciam
404 467 617 504 visionum.
651 470 742 504 Non
775 468 879 504 enim
905 478 1078 516 oportet,
1111 469 1143 505 si
1166 482 1291 505 unum
1316 469 1456 506 iuvans
1481 472 1575 519 agit,
1604 469 1791 530 meyviscitoi?
1812 469 1861 496 aid

266 527 375 574 quod
409 525 540 573 coagit
585 538 673 562 cum
709 527 863 562 eodem.
898 528 978 563 Nec
1012 535 1185 575 oportet,
1225 527 1256 563 si
1297 528 1372 564 hoc
1406 529 1578 565 sentitur
1783 525 1789 532 ⁸

234 584 330 619 5vel
372 584 553 619 noscitur
597 596 619 619 a
662 592 864 630 noscente,
918 586 1026 632 quod
1072 584 1256 621 distincte
1304 585 1475 622 sentitur
1519 588 1579 623 vel

264 640 445 677 noscitur
497 642 546 677 ab
599 643 753 677 eodem.
808 642 886 677 Sed
930 643 1005 678 hoc
1057 643 1159 678 forte
1205 643 1335 679 evenit
1380 656 1422 679 ex
1471 644 1578 681 dicta

265 698 640 735 communicacione
673 699 857 747 parcium
898 700 1087 746 universi,
1134 702 1243 748 quod
1283 701 1461 748 quelibet
1495 702 1578 738 eius

263 765 419 804 partem
474 758 830 804 apprehendendo,
890 758 1209 806 apprehenditur
1260 758 1390 806 ipsum
1446 768 1574 796 totum

262 814 490 850 intencione
523 815 708 860 confusa3
744 823 780 851 et
813 815 901 862 ipso
935 816 1098 851 confuse
1131 817 1397 864 apprehenso,
1433 830 1577 865 appre-

210 886 248 907 ιο
263 872 450 908 henditur
483 871 567 908 eius
601 872 776 921 quelibet
809 886 920 920 pars,
953 886 1091 921 ymmo
1114 874 1290 921 primum
1315 875 1576 923 principium,

263 931 370 978 quod
403 929 540 966 omnia
573 939 782 978 appetunt,
817 932 867 967 ad
902 930 1117 967 minimum
1153 932 1331 968 confuse.

320 989 398 1024 Sed
436 987 673 1036 reliquendo
720 989 809 1035 hoc,
856 997 899 1024 ut
944 988 1007 1025 hic
1051 989 1314 1038 impertinens,
1360 991 1455 1027 alibi
1488 1004 1576 1039 per·
1603 998 1682 1026 Two
1703 1000 1849 1039 opinions

260 1046 531 1093 tractandum,
583 1047 912 1094 prosequendum
946 1056 1005 1083 est
1037 1048 1084 1083 de
1118 1060 1306 1084 mensura
1350 1049 1576 1086 velocitatis
1637 1035 1825 1105 ζὲῗέὲίῗὲῃξῐ

261 1112 460 1139 motuum.
495 1105 597 1140 Sunt
630 1116 723 1151 ergo
764 1105 843 1140 duo
884 1105 993 1140 modi
1035 1105 1195 1141 dicendi
1236 1106 1276 1141 in
1319 1107 1487 1143 materia
1527 1109 1575 1143 de
1602 1110 1855 1175 sffssgegssflttfiat

207 1166 240 1196 15
258 1161 473 1197 velocitate
508 1171 641 1198 motus
664 1162 817 1198 localis.
843 1165 943 1198 Nam
975 1163 1100 1211 aliqui
1135 1163 1273 1199 dicunt
1306 1167 1412 1212 quod
1447 1174 1572 1201 atten-
1601 1173 1622 1199 it
1643 1174 1669 1200 is
1691 1176 1853 1203 measured

259 1219 369 1255 ditur
404 1232 525 1266 penes
559 1219 707 1256 lineam
742 1220 986 1268 descriptam
1012 1233 1033 1257 a
1057 1230 1207 1269 puncto
1240 1222 1454 1259 velocitate
1488 1236 1572 1259 mo-
1618 1209 1841 1281 dffictslffiegngy

258 1285 334 1315 tus.
386 1278 538 1313 Contra
583 1279 691 1326 quod
735 1282 800 1326 4er
839 1288 1158 1326 argumentatur.
1209 1279 1344 1316 Primo
1401 1293 1443 1317 ex
1498 1282 1571 1317 hoc
1622 1279 1834 1341 ῖῘἹξΓξὲἑὲὃῖῖΟῑ

1657 1333 1673 1348 D

259 1335 367 1382 quod
400 1334 536 1372 omnia
568 1345 718 1383 puncta
752 1345 861 1372 mota
893 1336 934 1372 in
956 1336 1101 1373 ultimo
1125 1338 1224 1384 celo,
1249 1337 1351 1373 sicut
1375 1347 1411 1374 et
1435 1339 1571 1375 onmia
1653 1349 1793 1384 velocity.

259 1401 408 1440 puncta
453 1393 670 1430 intrinseca
716 1394 987 1442 cuiuscunque
1033 1394 1205 1440 mobilis,
1260 1396 1390 1432 nullas
1443 1397 1569 1433 lineas
1588 1381 1862 1445 Fourcgffi'nknents

109 1453 233 1486 131281'
259 1451 509 1488 describunt:
544 1463 638 1500 ergo
670 1465 752 1488 non
785 1453 1025 1500 generaliter
1053 1454 1057 1503 Ι
1086 1465 1207 1501 penes
1240 1454 1316 1490 hoc
1350 1455 1570 1491 attenditur
1604 1452 1838 1515 I'OiFIifiepfirigtts

259 1517 393 1545 motus
426 1509 566 1546 localis
597 1510 803 1547 velocitas.
850 1512 898 1546 Et
942 1510 974 1547 si
1009 1510 1157 1547 dicitur
1201 1513 1311 1560 quod
1355 1513 1567 1560 equivalet,
1627 1522 1741 1549 mobile
1761 1524 1820 1550 and

258 1568 379 1603 modo
412 1580 458 1603 ac
491 1567 523 1603 si
555 1580 696 1604 omnes
729 1567 795 1604 isti
828 1569 967 1616 puncti
1013 1569 1285 1605 describerent
1319 1570 1447 1607 lineas
1480 1570 1565 1607 istis
1616 1557 1827 1629 ῃξξῗόξζᾟζῗγ

257 1625 431 1661 motibus
463 1625 653 1672 siderum,
687 1626 869 1663 assencio
893 1627 1014 1675 quod,
1049 1626 1081 1663 si
1103 1626 1159 1663 sic
1192 1627 1465 1665 describerent
1489 1629 1565 1665 ista
1607 1627 1836 1690 {gg'ciffiebssgy

253 1692 403 1730 puncta
435 1682 520 1719 istis
554 1684 728 1720 motibus
768 1683 896 1721 lineas
937 1685 1305 1732 proposcionaliter
1337 1688 1385 1722 ad
1419 1687 1565 1723 veloci-
1616 1696 1811 1737 lines-atam.

187 1750 233 1782 ”25
254 1749 355 1777 tates
387 1741 557 1777 istorum
592 1751 792 1788 motuum,
826 1751 921 1779 tunc
944 1743 984 1778 in
1003 1742 1204 1779 infinitum
1220 1744 1396 1780 velocius
1431 1758 1563 1782 move-
1598 1730 1831 1795 tffisstissscgffi‘gs

254 1807 390 1834 rentur
423 1811 543 1847 quam
578 1801 719 1847 modo;
766 1808 803 1836 et
846 1800 903 1836 sic
935 1800 975 1836 in
1019 1800 1219 1837 infinitum
1258 1802 1425 1848 tardius,
1472 1816 1560 1839 cum
1585 1801 1843 1865 tss'teliilfaori‘letliizs

253 1858 493 1893 antecedens
537 1856 704 1905 inplicat
748 1858 998 1895 substancias
1044 1860 1142 1895 duas
1189 1872 1404 1907 corporeas
1450 1874 1563 1897 coex-
1660 1871 1764 1905 points

253 1914 377 1960 tendi,
410 1928 532 1951 unam
568 1915 757 1952 continue
796 1916 1069 1964 quiescentem
1115 1917 1310 1964 localiter,
1358 1927 1395 1954 et
1439 1919 1559 1955 aliam
1613 1904 1811 1975 dleislcer'mtffita

253 1984 397 2020 corpus
430 1973 638 2021 quiescens
670 1973 861 2010 continue
895 1983 1193 2022 penetrantem:
1244 1977 1352 2023 quod
1387 1989 1477 2012 cum
1511 1977 1561 2013 sit
1600 1974 1827 2043 ifflgleiffrsatcigffj

1814 2034 1820 2046 ‚

192 2041 233 2073 30
252 2029 516 2078 impossibile,
550 2040 661 2079 patet
694 2033 802 2080 quod
834 2032 933 2068 illud
967 2045 1217 2081 consequens
1241 2046 1378 2070 verum
1413 2034 1560 2071 nullius
1640 2045 1743 2072 which
1764 2046 1790 2073 is

251 2096 309 2123 est
342 2088 530 2135 efficacie,
565 2090 633 2125 sed
665 2089 798 2126 oneris
832 2090 1105 2138 respondenti.
1646 2080 1773 2107 absum,

311 2146 517 2194 Similiter,
550 2148 714 2195 planeta
752 2156 936 2185 movetur
976 2148 1112 2184 multis
1152 2148 1341 2195 motibus,
1383 2163 1557 2198 quorum
1574 2167 1600 2186 2.
1622 2160 1649 2186 A
1672 2160 1773 2194 planet
1795 2162 1849 2188 has

250 2203 394 2252 aliquis
433 2214 491 2241 est
534 2205 723 2251 velocior,
764 2206 909 2254 aliquis
942 2206 1116 2254 tardior3
1164 2215 1201 2242 et
1234 2216 1384 2253 tamen,
1419 2221 1560 2256 quam-
1611 2203 1816 2264 moffeffigms,

250 2273 408 2310 cunque
439 2262 586 2299 lineam
619 2264 680 2299 vel
712 2263 830 2299 situm
865 2264 1029 2311 longum
1064 2264 1254 2300 describit
1293 2265 1437 2314 aliquis
1476 2266 1559 2302 eius
1599 2272 1685 2326 Ξὲῐηῐξὲ
1705 2266 1833 2328 Ξῗὲξξῑὲΐῖι

1821 2323 1827 2335 ,

190 2328 228 2360 35
249 2329 422 2367 punctus
462 2333 541 2357 uno
580 2321 743 2357 illorum
790 2330 988 2369 motuum,
1042 2322 1231 2358 describit
1271 2332 1308 2359 et
1348 2324 1556 2372 quotlibet.
1580 2334 1639 2361 and
1662 2336 1733 2362 each
1755 2336 1790 2362 of
1806 2336 1845 2363 its

248 2379 338 2413 Non
370 2377 475 2414 enim
509 2387 567 2415 est
599 2380 694 2415 dare
726 2378 847 2415 situm
880 2393 997 2428 quem
1023 2380 1213 2417 describit
1236 2391 1408 2428 punctus
1441 2370 1850 2432 linee,{’s]³ss¹s³1{53d1f⁵{t¹⁴¹tblf§

249 2444 362 2471 motu
394 2436 502 2472 orbis
534 2436 765 2484 superioris,
799 2437 860 2474 vel
895 2447 1007 2474 motu
1040 2438 1113 2484 sui,
1147 2439 1303 2487 proprii
1336 2440 1456 2485 orbis,
1496 2440 1557 2476 vel
1572 2439 1848 2509 iffiffizgisfflgseitto

249 2493 418 2541 epicicli,
468 2494 564 2543 quin
612 2496 782 2531 eundem
831 2495 1020 2532 describit
1048 2497 1233 2544 ,quolibet
1266 2496 1437 2533 istorum
1474 2510 1551 2534 mo·
1602 2508 1664 2536 find
1685 2517 1744 2545 any
1763 2517 1822 2536 one

247 2559 380 2599 tuum;
434 2552 546 2588 sicud
591 2562 701 2600 patet
745 2555 991 2590 attendendo
1031 2554 1243 2603 diligenter
1291 2557 1340 2591 ad
1386 2556 1554 2603 figuram
1589 2543 1831 2613 lgsseadggffibffii

184 2627 230 2658 40
248 2608 345 2645 situs
378 2622 496 2658 quem
531 2610 721 2646 describit
753 2612 929 2659 planeta.
1629 2613 1690 2640 this
1710 2622 1788 2641 case.

304 2667 414 2712 ltem,
460 2668 501 2704 in
547 2668 721 2704 motibus
766 2669 1019 2706 difformibus
1053 2683 1133 2718 quo
1166 2672 1216 2706 ad
1249 2679 1422 2718 tempus,
1476 2684 1556 2707 non
1571 2680 1596 2709 3.
1618 2682 1840 2709 Neitherdoes

246 2732 353 2761 tenet
385 2725 453 2761 illa
486 2727 635 2773 regula.
670 2728 775 2774 Ergo
809 2736 867 2763 est
901 2727 1113 2764 diminuta.
1154 2730 1404 2765 Antecedens
1447 2737 1557 2776 patet
1593 2718 1818 2779 Ηέἓῑᾞὲῃζῖῑιξ

316 2840 355 2878 ι8,
377 2846 447 2868 sunt
467 2841 498 2868 Β.
572 2850 615 2869 22.
637 2842 719 2877 qnod
743 2843 835 2869 modo
857 2843 889 2869 Β.
980 2842 1026 2877 34.
1049 2844 1162 2879 aliquid
1188 2845 1218 2871 Β.
1305 2843 1346 2871 35.
1370 2850 1502 2878 punctos
1524 2845 1556 2871 Β.

246 2873 292 2909 39.
319 2876 362 2902 dir
388 2876 420 2902 Β.
509 2883 556 2909 42.
579 2877 682 2903 dimita
701 2877 734 2903 Β.
