2051 3327
111 855 147 875 10

108 1133 143 1164 15

100 2004 141 2035 30

97 2583 142 2612 40

172 214 261 242 CAP.
284 213 318 242 X.
743 215 927 249 LOGICA

224 326 278 360 Ex
310 323 394 359 istis
429 333 536 371 patet
569 325 677 372 quod
711 323 915 360 sentencia
948 324 1066 372 primi
1112 324 1338 372 argumenti
1374 334 1481 361 caret

166 381 410 429 calumpnia,
456 394 502 418 eo
536 383 642 430 quod
678 390 810 418 motus
844 381 1114 429 intelligencie
1148 391 1203 418 est
1236 382 1478 430 principium

166 449 363 476 remotum
419 441 468 475 ad
526 441 631 487 quod
687 452 768 475 non
825 439 1081 488 consequitur
1133 449 1304 487 tempus,
1367 442 1480 476 Unde

165 497 395 546 ymaginato
440 499 547 545 quod
592 506 700 533 totus
736 498 906 533 mundus
940 507 1065 534 cesset
1098 510 1119 533 a
1154 507 1265 534 motu
1304 498 1479 533 sensibili

165 555 384 591 extrinseco
406 555 671 602 perceptibili,
705 555 784 590 lata
808 555 1114 602 ymaginacione
1146 568 1266 603 super
1299 556 1408 603 prius
1442 564 1478 591 et

165 613 376 661 posterius,
422 613 637 648 videndum
686 621 741 648 est
786 622 919 648 utrum
967 623 1079 649 actus
1123 613 1381 661 ymaginandi
1430 613 1478 649 sit

163 683 422 719 permanens3
441 680 534 706 tunc
551 670 731 718 sequitur
752 679 910 718 tempus
932 683 1027 718 esse,
1051 684 1097 707 eo
1120 673 1225 719 quod
1242 671 1478 719 ymaginans

163 739 219 765 est
263 742 355 777 pars
402 728 538 764 mundi
585 727 825 764 sensibiliter
871 738 992 774 mota,
1038 738 1075 765 et
1120 742 1190 777 per
1228 742 1477 777 consequens

164 788 336 823 mundus
369 788 587 823 secundum
624 786 732 822 illam
768 795 922 833 partem
960 796 1152 823 movetur.

220 844 500 880 Communiter
533 844 672 889 eciam,
707 845 870 891 quando
904 844 1173 891 ymaginativa
1208 845 1333 881 fertur
1355 858 1476 893 super

162 902 354 950 preterito
400 911 437 938 et
481 902 615 938 futuro
660 902 698 937 in
746 901 992 949 particulari,
1037 915 1118 938 non
1162 912 1220 939 est
1252 900 1368 940 facile
1402 904 1476 940 hoc

162 960 260 1005 fieri,
306 960 380 996 nisi
425 960 658 1003 successive,
705 959 816 995 sicud
864 961 1161 1007 quantumlibet
1194 961 1477 1008 ymaginamur

161 1017 270 1065 prius
303 1026 484 1065 tempore
517 1031 641 1053 unum
676 1027 712 1053 et
737 1018 933 1065 posterius
966 1027 1148 1066 tempore
1178 1018 1298 1057 aliud.
1331 1021 1384 1055 Ex
1407 1018 1478 1056 tali

160 1084 292 1111 autem
327 1075 634 1123 ymaginacione
669 1085 855 1112 causatur
888 1076 1064 1112 intencio
1109 1076 1254 1124 speciei
1289 1076 1403 1113 fixius
1436 1076 1477 1112 in

160 1134 443 1181 ymaginativa,
489 1142 526 1169 et
569 1133 752 1169 debilitas
797 1134 854 1170 vel
901 1134 1085 1182 potencia
1131 1134 1400 1182 ymaginantis
1434 1147 1477 1170 ex

160 1191 430 1228 delectacione
453 1192 512 1227 vel
536 1191 715 1237 tristicia,
750 1200 786 1226 et
811 1192 968 1227 bonitas
991 1193 1049 1228 vel
1076 1191 1248 1238 malicia,
1284 1192 1477 1228 fortitudo

160 1250 219 1285 vel
265 1249 485 1294 fastidium,
531 1259 597 1286 aut
642 1249 718 1285 alie
767 1249 997 1286 huiusmodi
1037 1250 1267 1298 qualitates,
1314 1250 1476 1286 racione

160 1307 271 1343 cuius
294 1307 464 1356 aquisite
484 1308 542 1343 vel
568 1307 786 1355 deperdita
811 1308 950 1343 saltem
977 1309 1196 1344 secundum
1223 1307 1475 1345 intensionen

160 1366 219 1401 vel
268 1365 560 1412 remissionem,
608 1377 651 1401 ex
700 1365 880 1413 sequitur
912 1375 1072 1414 tempus
1106 1367 1154 1402 ad
1188 1366 1473 1402 alteracionem

159 1423 437 1462 successivam.
483 1426 563 1460 Nec
597 1432 653 1459 est
686 1423 876 1471 possibile
908 1423 1257 1472 ymaginacionem
1295 1433 1472 1460 nostram

159 1480 414 1518 coniunctam
463 1481 588 1517 motui
635 1481 773 1517 mundi
817 1483 1036 1518 secundum
1085 1481 1393 1529 disposicionem
1435 1482 1475 1518 in

163 1551 242 1587 qua
274 1552 380 1576 nunc
413 1552 550 1575 sumus
582 1540 683 1576 ferre
717 1552 836 1587 super
868 1549 1026 1588 tempus
1059 1539 1099 1575 in
1134 1539 1364 1587 particulari
1390 1540 1474 1576 sine

131 1597 415 1634 “successione
454 1607 566 1634 actus
607 1597 886 1645 ymaginandi;
933 1597 1014 1646 qui,
1060 1610 1150 1634 cum
1181 1595 1185 1649 Ι
1216 1599 1387 1634 mundus
1425 1598 1475 1634 sit

161 1657 363 1704 quoddam
399 1669 536 1702 unum,
577 1664 737 1704 oportet
777 1655 818 1692 in
852 1655 937 1692 eius
972 1665 1083 1692 motu
1118 1669 1202 1692 esse
1236 1669 1357 1692 unum
1393 1669 1475 1692 non

129 1713 314 1750 ‘motum
364 1727 527 1751 movens
572 1713 756 1750 ordinate
811 1726 902 1750 suas
954 1723 1106 1762 partes;
1160 1727 1240 1762 quo
1293 1723 1474 1751 cessante

160 1785 332 1818 movere,
367 1781 538 1809 cessaret
570 1781 677 1808 totus
710 1773 812 1808 ordo
846 1772 951 1808 illius
985 1781 1130 1808 motus,

216 1830 326 1866 Sicut
359 1830 464 1866 enim
499 1830 538 1865 in
572 1829 737 1866 animali
771 1830 937 1866 ulterius
970 1829 1136 1867 effectus
1170 1838 1226 1866 est
1252 1838 1384 1866 motus
1409 1830 1471 1866 cui

158 1888 339 1936 proxima
383 1897 440 1924 est
484 1888 608 1924 virtus
654 1887 802 1924 motiva
848 1887 1030 1925 localiter
1075 1888 1114 1924 in
1153 1887 1233 1924 suis
1266 1887 1470 1934 subiectis,

156 1955 198 1982 ut
230 1945 438 1994 spiritibus
470 1947 530 1983 vel
563 1946 714 1990 calore3
755 1955 792 1982 et
825 1950 872 1995 30
906 1955 998 1982 sunt
1038 1947 1220 1982 membra
1252 1945 1394 1991 solida,
1428 1954 1471 1982 ut

158 2004 373 2049 musculus,
411 2004 540 2048 villus,
586 2004 758 2041 lacertus
804 2004 864 2040 vel
909 2013 1042 2040 cetera
1086 2016 1250 2051 organa,
1297 2016 1469 2051 quorum

157 2061 498 2110 composicionem
523 2062 599 2098 ista
622 2061 916 2109 ingrediuntur.
946 2065 989 2110 4³¹
1014 2070 1070 2098 est
1094 2061 1313 2110 appetitiva
1338 2062 1470 2097 anime

158 2132 331 2166 movens,
377 2119 616 2168 imperando
649 2119 782 2156 virtuti
825 2119 969 2155 motive
1015 2119 1234 2167 corporali3
1281 2128 1318 2155 et
1368 2121 1470 2156 hanc

156 2177 415 2226 appetitivam
451 2186 583 2215 movet
617 2177 907 2226 apprehensiva
942 2177 1214 2214 convenientis
1246 2177 1306 2213 vel
1338 2177 1469 2213 nocivi

155 2245 362 2283 tamquam
387 2235 585 2281 ultimam,
611 2245 647 2272 et
671 2235 846 2283 primum
872 2248 1035 2271 movens
1059 2235 1113 2271 ita
1142 2236 1262 2283 quod,
1289 2244 1468 2271 cessante

156 2293 223 2329 illo
259 2306 432 2340 movere,
466 2303 640 2330 cessaret
672 2293 803 2329 omnis
829 2303 960 2329 motus
984 2293 1182 2331 animalis.
1217 2292 1282 2329 Sic
1316 2293 1469 2340 ymagi-

156 2353 333 2387 nandum
381 2361 438 2388 est
482 2352 521 2387 in
568 2351 709 2388 maiori
755 2352 906 2386 mundo
952 2352 1060 2399 quod
1094 2360 1151 2387 est
1184 2352 1279 2387 dare
1313 2360 1464 2386 motum

156 2408 434 2445 sublunarium
481 2418 690 2457 tamquam
737 2408 924 2445 ultimum
971 2408 1154 2445 effectum
1191 2408 1253 2444 cui
1287 2408 1468 2456 proxima

157 2476 214 2503 est
235 2467 294 2503 vis
327 2467 482 2503 celestis
505 2466 652 2503 influxa
676 2479 747 2514 per
770 2465 921 2502 lumina
946 2466 1214 2503 diversimode
1242 2466 1468 2502 incidencia

157 2533 194 2560 et
227 2528 272 2574 30
312 2533 403 2561 sunt
443 2534 549 2561 astra
587 2524 747 2560 celestia
786 2537 876 2560 cum
911 2524 990 2559 suis
1023 2524 1249 2560 coniunctis
1289 2524 1466 2560 orbibus.

158 2586 204 2630 40
237 2595 330 2619 vero
362 2591 419 2618 est
451 2582 670 2630 appetitiva
704 2581 900 2618 mocionis
933 2582 1108 2627 orbibus,
1142 2591 1179 2618 et
1213 2587 1258 2630 50
1295 2581 1468 2618 finaliter

158 2649 215 2676 est
247 2639 541 2688 apprehensiva
574 2639 693 2687 primi
727 2639 906 2677 motoris.

226 2777 427 2812 18.Tte'ss10m
451 2786 481 2812 Β.
573 2784 616 2812 23.
638 2785 690 2820 qui
711 2776 748 2812 effi
769 2785 801 2812 Β.
912 2792 956 2819 27.
979 2777 1017 2812 {h
1039 2786 1111 2813 vlci⁹
1133 2786 1166 2812 Β.
1292 2784 1333 2812 32.
1357 2786 1413 2812 hac
1433 2785 1455 2812 B

156 2817 201 2854 39.
223 2822 274 2853 «μθ
298 2820 327 2846 Β.
418 2828 466 2852 40.
491 2824 592 2847 mocc‘³
611 2819 647 2853 (P)
668 2819 700 2846 Β.

1691 220 1769 261 213

1530 334 1562 365 (ι)
1584 332 1650 359 The
1672 334 1736 360 first

1529 372 1694 401 argument
1715 369 1750 400 is,

1506 401 1668 435 therefore,
1691 403 1771 436 quite

1538 436 1726 463 conclusive,

1546 470 1574 498 If
1592 479 1636 497 we
1656 479 1710 498 can

1527 513 1664 540 suppose
1686 508 1736 533 the

1524 540 1625 566 whole
1647 541 1743 567 world

1540 579 1567 600 at
1590 579 1648 601 rest
1670 576 1728 602 and

1529 644 1533 647 ,
1599 610 1684 648 0¹1¹y.

1528 649 1729 678 imagination

1571 679 1681 711 active,

1525 714 1735 752 representing

1519 752 1604 779 time,
1625 756 1671 774 we
1694 757 1747 784 say

1493 783 1767 817 thatimagination

1524 825 1642 849 moves,
1663 819 1733 849 and,

1517 853 1681 885 therefore,
1702 854 1751 880 the

1510 887 1608 914 world
1633 895 1750 915 moves.

1546 922 1647 948 When
1672 931 1715 949 we

1515 956 1649 991 imagine
1670 958 1743 984 time

1510 992 1539 1018 in
1566 992 1743 1026 particular,

1504 1027 1554 1052 the
1575 1026 1675 1060 object
1695 1028 1753 1054 and

1503 1061 1552 1087 the
1574 1066 1620 1088 act
1640 1063 1755 1096 change

1522 1097 1736 1132 successively.

1534 1441 1600 1468 Nor
1620 1450 1675 1469 can
1698 1442 1722 1469 it

1527 1477 1665 1511 possibly
1689 1478 1723 1503 be

1537 1511 1713 1539 otherwise.

1493 1835 1702 1871 Compar-ison
1724 1837 1758 1864 of

1487 1871 1535 1897 the
1557 1878 1751 1899 movenieuts

1510 1906 1539 1933 in
1562 1915 1597 1933 an
1620 1908 1733 1934 animal

1534 1941 1605 1968 with
1627 1942 1714 1968 those

1573 1977 1608 2003 of
1626 1977 1675 2003 the

1520 2018 1714 2038 macrocosm
