2051 3327
202 262 250 299 52

207 373 305 409 Every
326 373 461 409 physica]

271 409 357 442 angle
378 408 403 435 is

204 442 372 478 composed
394 442 428 468 of
445 450 460 468 a

234 482 318 513 great
339 484 431 511 many

241 513 345 546 angles
366 512 423 538 and

240 548 428 574 substances.

303 581 369 608 The

223 615 448 643 matliematical

203 651 280 678 solid
304 651 390 685 angle
413 651 466 676 lias

254 690 350 720 parts,
371 685 420 711 tlte

211 719 382 755 superlicial
405 720 460 745 has

285 762 378 787 none;

215 790 237 816 it
257 797 311 816 can
334 789 404 823 only
426 788 461 814 be

228 824 351 850 divided
374 823 437 849 into

232 859 281 885 tlie
303 863 386 893 parts
407 857 441 883 of

202 893 305 919 which
328 893 348 919 it
368 892 393 919 is
414 892 463 918 the

239 936 340 959 cause,
361 927 380 954 i.
402 935 427 953 e.

207 964 257 989 tlte
277 962 371 994 figure
391 961 455 988 that

246 996 355 1023 strikes
376 996 425 1023 tlte

276 1039 392 1058 senseS.

201 1065 236 1100 (3)
259 1065 366 1093 Euclid
389 1065 472 1100 gives

256 1109 271 1127 a
293 1101 409 1135 genetic

197 1135 355 1162 definitiou
377 1136 464 1161 osan

228 1171 331 1205 angle:
353 1170 441 1196 when

196 1209 256 1231 two
277 1205 353 1231 lines
375 1208 463 1237 meet,

219 1240 290 1275 they
308 1239 449 1274 produce

258 1283 293 1301 au
316 1275 413 1308 angle.

234 1309 279 1335 He
300 1309 435 1335 likewise

199 1344 274 1370 calls
296 1344 375 1377 right
396 1343 472 1369 lines

249 1379 307 1405 and
352 1378 419 1404 lane

267 1421 319 1439 sur
336 1420 403 1439 aces

196 1448 383 1478 extensions,
405 1455 473 1481 says

220 1483 284 1508 that
305 1490 320 1508 a
341 1482 451 1517 spliere

196 1517 222 1543 is
237 1517 287 1543 tlte
303 1516 472 1543 revolution

202 1552 235 1578 ot·
250 1560 265 1577 a
281 1551 473 1584 semi—circle,

207 1586 266 1612 and
287 1587 351 1612 tliat
371 1594 386 1612 a
406 1585 465 1612 line

211 1621 319 1647 moved
340 1620 461 1652 parallel

211 1660 241 1681 to
262 1655 346 1682 itself
364 1655 468 1681 makes

252 1698 269 1716 a
290 1697 410 1724 square.

310 1816 358 1843 No

219 1851 445 1878 matliematical

222 1886 311 1920 angle
332 1893 386 1912 can
408 1886 443 1912 be

221 1920 344 1947 divided
366 1928 399 1947 as
419 1924 451 1947 to

219 1955 369 1990 quantity,
393 1955 445 1982 but

209 1990 258 2016 the
280 1989 458 2024 magnitude

204 2024 239 2050 of
256 2024 294 2050 its
315 2024 386 2051 base
406 2032 459 2050 can

196 2059 232 2085 be
246 2059 317 2085 thus
334 2058 468 2085 divided.

233 2093 333 2128 Every
356 2093 435 2127 right

232 2128 292 2154 line
314 2136 384 2163 may
406 2128 440 2154 be

220 2162 365 2196 bisected,
386 2162 444 2189 and

263 2198 314 2223 tlte
334 2202 395 2223 two

231 2232 365 2258 sections
385 2239 436 2258 are

202 2266 347 2301 properly
368 2266 462 2292 called

196 2301 294 2335 cqual,
317 2309 350 2327 so
371 2301 417 2327 far
437 2309 469 2327 as

207 2343 263 2362 our
285 2343 389 2362 senses
411 2343 459 2369 g0.

923 257 1147 288 JOHANNIS
1172 256 1358 287 WYCLIF
1635 254 1724 290 CAP,
1745 256 1797 284 1Χ.

489 363 530 399 in
563 375 705 411 genere
750 362 903 410 anguli3
949 362 1051 398 sicut
1096 362 1221 409 figura
1267 361 1526 410 componitur
1570 375 1614 398 ex
1663 363 1797 401 finitis.

489 424 579 457 Non
633 421 688 457 sic
742 429 875 456 autem
930 421 977 455 de
1030 419 1273 467 superficiali
1334 420 1480 467 angulo
1542 434 1795 469 quocunque.

488 479 666 526 Angulus
719 486 853 514 autem
906 490 1123 525 corporeus
1168 477 1361 513 naturalis
1395 477 1627 525 quicunque
1679 480 1798 516 habet

490 536 687 584 quotlibet
721 536 885 583 angulos
926 544 963 571 et
1008 548 1191 583 corpora,
1238 548 1315 582 que
1359 535 1488 582 ipsum
1535 536 1797 585 principiant3

490 603 527 630 et
559 602 668 641 patet
702 595 807 641 quod
841 606 922 629 non
955 592 1137 641 sequitur
1170 605 1253 629 esse
1277 592 1432 641 aliquos
1455 594 1622 640 angulos
1647 595 1832 631 matthe—5

490 651 673 697 maticos,
715 650 1011 698 superficialem
1052 660 1089 686 et
1135 663 1389 698 corporeum,
1435 652 1661 698 coequales,
1708 665 1796 688 cum

488 709 641 756 primus
675 708 723 745 sit
756 708 1010 744 indivisibilis
1045 722 1123 756 quo
1156 710 1205 745 ad
1238 708 1525 754 substanciam,
1551 718 1587 745 et
1620 710 1798 758 reliquus

488 768 607 802 habet
640 776 787 814 partes.
833 768 925 802 Ideo
966 767 1133 814 angulus
1181 766 1445 814 superficialis
1489 767 1798 804 mathematicus

487 837 568 860 non
602 833 659 860 est
693 824 901 860 divisibilis
934 824 974 859 in
1007 837 1096 860 suas
1129 832 1277 872 partes,
1311 825 1380 860 sed
1413 824 1633 871 respective
1667 825 1798 862 divisi-

488 882 576 918 bilis
608 882 649 917 in
682 895 773 918 suos
808 882 983 928 effectus,
1025 894 1101 930 que
1133 890 1223 918 sunt
1255 892 1389 930 partes
1422 881 1640 930 posicionis
1673 883 1798 931 figure
1819 896 1856 916 10

487 939 699 977 sensibilis.

546 999 578 1033 A
623 1002 681 1047 3¹³³
730 997 876 1033 dicitur
920 998 1029 1045 quod
1074 996 1273 1042 Euclides,
1321 1010 1432 1034 more
1479 1010 1563 1043 suo,
1610 998 1798 1035 describit

489 1056 680 1102 angulum
715 1055 755 1091 in
787 1055 1070 1103 predicacione
1095 1059 1152 1092 2¹n
1184 1068 1361 1094 causam.
1385 1058 1485 1091 Nam
1512 1068 1554 1092 ex
1577 1055 1665 1103 ipso
1690 1058 1796 1104 quod

490 1114 567 1149 due
600 1113 702 1149 linee
735 1114 931 1149 alternate
955 1122 1125 1160 tangunt
1159 1125 1198 1148 se
1234 1117 1291 1149 21ἸΓῙ
1327 1113 1645 1161 applicacionem
1673 1114 1798 1162 figure

489 1184 607 1218 quam
644 1171 864 1207 terminant
896 1171 936 1207 in
970 1171 1261 1220 differenciam,
1310 1179 1476 1207 causant
1522 1172 1711 1219 angulum
1748 1174 1797 1209 ad
1819 1174 1855 1205 15

487 1228 703 1265 terminum
760 1229 987 1277 utriusque3
1043 1238 1079 1265 et
1135 1230 1378 1277 quandoque
1435 1237 1600 1265 econtra
1653 1229 1798 1266 diffinit

488 1286 674 1322 Euclides
718 1295 863 1323 natura
908 1287 1019 1334 prius
1052 1299 1124 1335 per
1155 1300 1269 1322 suum
1318 1294 1527 1323 causatum
1576 1288 1797 1335 posteriu53

489 1353 530 1380 ut
561 1345 708 1381 lineam
756 1354 792 1380 et
836 1345 1091 1392 superficiem
1126 1354 1253 1381 rectas
1286 1353 1402 1381 vocat
1435 1345 1706 1390 extensiones;
1756 1355 1798 1382 ut

488 1411 599 1450 patet
651 1403 783 1450 primo
830 1404 1139 1439 elementorum.
1193 1405 1361 1450 Speram
1413 1411 1529 1439 vocat
1581 1404 1796 1440 transitum

490 1459 647 1496 dimidii
681 1460 833 1505 circuli,
850 1469 892 1496 ut
925 1470 1035 1508 patet
1068 1460 1169 1496 libro
1192 1460 1429 1507 undecim0;
1462 1460 1608 1497 lineam
1635 1462 1794 1498 ductam
1816 1472 1857 1493 20

489 1517 528 1554 in
573 1530 614 1555 se
652 1518 748 1555 dicit
787 1519 1038 1566 superficiem
1081 1520 1319 1566 quadratam
1366 1518 1569 1566 perficere,
1614 1527 1658 1555 ut
1689 1528 1798 1567 patet

489 1576 592 1612 libro
627 1580 691 1612 20:
727 1585 764 1612 et
796 1576 851 1612 sic
876 1578 923 1612 de
952 1573 956 1626 1
986 1578 1033 1612 de
1056 1576 1252 1624 quotlibet
1276 1576 1390 1613 dictis
1414 1576 1530 1612 huius
1554 1576 1796 1629 philosophi,
1815 1584 1840 1614 Β
1865 1581 1942 1615 116b

489 1646 566 1682 que
617 1634 849 1682 ignorantes
902 1634 1148 1671 sentenciam
1200 1634 1488 1670 universalium
1542 1634 1798 1682 ignorabunt.

488 1693 634 1728 Sensus
680 1704 773 1740 ergo
815 1705 908 1728 suus
957 1692 1193 1740 exprimitur
1237 1704 1308 1740 per
1347 1691 1643 1740 descripciones
1676 1706 1798 1741 supra

486 1749 650 1797 positas,
685 1750 715 1786 si
751 1763 831 1786 non
864 1750 991 1788 fallor.
1815 1750 1854 1783 25

543 1809 624 1843 Nec
657 1807 819 1844 obviant
850 1808 922 1844 hec
956 1808 1061 1844 dicta
1092 1820 1161 1843 sue
1190 1807 1404 1855 sentencie,
1439 1807 1509 1844 etsi
1540 1808 1659 1844 finem
1701 1822 1798 1856 quo-

486 1867 669 1901 rumdam
706 1865 837 1913 ipsum
873 1866 1217 1902 communicatum
1251 1866 1546 1902 contradicant.
1570 1868 1670 1902 Nam
1705 1866 1797 1903 lieet

485 1924 618 1959 nullus
671 1924 840 1971 angulus
895 1923 1203 1960 mathematicus
1249 1923 1372 1959 dividi
1417 1923 1563 1971 poterit
1617 1937 1696 1972 quo
1747 1926 1796 1961 ad

487 1981 647 2026 molem,
694 1990 831 2017 tamen
865 1981 986 2018 dividi
1027 1990 1156 2030 potest
1190 1985 1247 2019 2¹n
1284 1981 1602 2029 magnitudinem
1642 1994 1797 2030 respec-

486 2038 607 2074 tivam
656 2048 814 2086 captam
863 2048 1047 2087 respectu
1088 2052 1156 2075 sue
1196 2039 1313 2084 basis,
1362 2048 1405 2075 ut
1439 2040 1555 2075 docet
1590 2040 1795 2076 conclusio
1814 2042 1855 2073 30

486 2096 606 2144 primi
632 2105 668 2132 et
694 2097 889 2144 quotlibet
906 2097 981 2133 alie
1006 2097 1285 2133 conclusiones
1310 2097 1501 2133 eiusdem.
1519 2099 1567 2133 Et
1590 2097 1645 2133 sic
1669 2110 1795 2144 quan-

485 2154 666 2190 tamlibet
684 2154 830 2190 lineam
856 2164 1004 2191 rectam
1023 2156 1195 2191 dandam
1223 2155 1417 2202 contingit
1441 2154 1615 2191 dividere
1638 2155 1679 2191 in
1698 2157 1796 2192 duas

488 2211 736 2258 medietates,
760 2225 929 2260 quarum
964 2222 1107 2249 neutra
1124 2212 1374 2249 divisibiliter
1398 2213 1549 2249 excedit
1582 2213 1794 2262 reliquam.

486 2271 534 2305 Et
567 2282 706 2306 omnes
742 2271 840 2306 tales
873 2280 990 2307 vocat
1022 2270 1221 2307 sensibilis
1261 2271 1537 2319 philosophus,
1578 2270 1673 2307 satis
1706 2284 1795 2308 vere

485 2328 534 2363 ad
567 2340 726 2363 sensum
763 2341 893 2373 suum,
929 2329 1164 2364 medietates
1199 2329 1371 2376 equales.
1406 2331 1521 2374 Nam,
1557 2338 1674 2376 capta
1699 2342 1794 2377 qua-
1812 2329 1851 2361 35

486 2398 643 2433 cunque
676 2385 780 2422 linea
813 2386 1001 2432 naturali,
1026 2386 1222 2433 contingit
1245 2386 1470 2434 significare
1495 2395 1686 2434 punctum
1713 2387 1794 2423 eius

486 2443 660 2478 medium
686 2444 925 2490 naturalem,
951 2444 1042 2492 quia
1067 2444 1305 2480 coniunctus
1328 2444 1487 2492 utrique
1511 2444 1794 2492 parti‘residue

485 2500 693 2537 constituit
727 2503 805 2537 duo
840 2503 1011 2550 equalia,
1047 2515 1124 2550 que
1148 2502 1349 2549 integrant
1378 2515 1491 2538 suum
1517 2511 1661 2539 totum.
1684 2502 1794 2539 Talis

487 2558 589 2593 enim
625 2567 797 2606 punctus
829 2559 1023 2596 naturalis
1047 2559 1226 2596 continet
1250 2560 1447 2607 quotlibet
1470 2568 1617 2607 puncta
1643 2561 1794 2596 mathe—

487 2616 646 2652 matica.
682 2619 730 2652 Et
763 2617 817 2653 sic
842 2617 1078 2665 intelligitur
1111 2619 1157 2653 de
1192 2626 1328 2654 centro
1361 2617 1511 2656 circuli.
1545 2620 1645 2654 Nam
1678 2626 1854 2666 capta40

556 2773 591 2800 =5.
615 2766 695 2801 duc-”¹3
716 2774 748 2801 B.

557 2858 609 2895 34.
638 2858 829 2890 sensibilis.
858 2859 892 2890 In
918 2858 975 2890 the
1002 2869 1097 2891 same
1125 2870 1225 2890 sense
1252 2870 1288 2890 as
1309 2860 1492 2901 physicus.
