2051 3327
208 258 261 293 40

242 368 301 395 We
321 375 442 394 auswer

217 403 282 430 that
301 402 475 435 coutinuity

211 438 246 465 of
262 438 483 464 movementtis

230 475 389 507 apparent,
411 475 465 497 not

256 507 328 540 real,
349 514 382 532 as
403 506 439 532 all

233 541 403 576 continuity
423 541 459 568 is.

251 599 319 626 The
339 606 443 625 senses

227 635 310 661 often
332 633 458 660 mislead

262 677 298 696 us
319 668 349 695 in
368 668 430 695 this

284 707 404 730 matter.

213 773 313 801 When
336 772 386 799 the
406 771 479 798 time

226 809 316 835 taken
337 815 377 842 up
400 807 438 842 by
456 814 474 845 a

216 844 433 879 phenomenon
455 849 480 867 is

254 885 327 912 very
348 877 445 906 short,

211 913 296 940 these
316 920 365 938 are
387 918 479 945 many

272 946 424 974 illusions.

256 983 284 1009 A
305 981 437 1014 burning

231 1016 339 1049 brand,
362 1022 471 1049 swung

230 1051 342 1085 round,
365 1058 464 1076 seems

212 1095 227 1112 a
247 1086 337 1113 circle
358 1085 393 1111 of
410 1084 479 1116 fire;

220 1129 236 1147 a
257 1121 309 1148 red
332 1120 419 1155 point
440 1127 478 1145 on

250 1164 266 1182 a
286 1154 379 1181 white
399 1159 453 1188 top

237 1190 336 1217 forms
357 1198 373 1216 a
393 1188 483 1215 circle

241 1230 303 1257 too,
324 1224 413 1250 when
436 1223 457 1250 it

274 1259 423 1286 revolves.

245 1294 377 1326 Reason,
399 1297 453 1320 not

223 1337 320 1362 sense,
342 1332 423 1355 must
443 1328 479 1354 be

230 1364 319 1399 judge
340 1364 369 1390 i11
392 1363 466 1390 such

284 1403 420 1426 matters.

255 1527 315 1555 We
337 1526 376 1553 do
397 1529 450 1552 not

287 1566 358 1588 note
378 1561 427 1587 the

294 1597 410 1623 minute

245 1632 381 1658 motions
402 1629 461 1656 and

224 1671 302 1694 rests
324 1664 492 1700 distinctly‚

236 1702 289 1728 but
308 1702 392 1728 there
413 1700 437 1726 is
459 1707 474 1725 a

280 1735 430 1762 confused

259 1771 370 1804 feeling
389 1770 453 1796 that

247 1805 399 1839 produces
420 1804 470 1830 the

297 1840 364 1867 idea
385 1839 419 1865 of

258 1875 444 1902 continuous

289 1909 418 1936 motion.

225 1945 304 1972 This
325 1945 442 1971 motion
464 1942 489 1970 is

289 1980 361 2006 thus
381 1987 417 2005 an

255 2018 414 2049 aggregate
435 2013 470 2040 of

309 2057 400 2083 man}r

222 2089 414 2111 movemeuts
435 2083 494 2110 aud

258 2127 350 2155 many
372 2123 460 2145 rests.

242 2338 421 2374 Continuity
443 2339 476 2364 of

252 2374 369 2401 motion
393 2382 462 2409 may

231 2410 325 2444 apply
345 2409 441 2435 either
461 2412 491 2435 to

271 2447 448 2470 movemcut

253 2479 383 2505 without
405 2486 464 2513 any

250 2512 466 2547 intermingled

273 2552 345 2580 rest,
367 2556 401 2574 01*
422 2552 452 2574 to

252 2586 427 2609 movement
447 2582 481 2609 of

278 2618 378 2644 which
399 2617 450 2643 the

296 2652 432 2686 primury

273 2695 411 2713 measure
433 2686 458 2712 is

262 2722 459 2748 contituimus,

941 250 1166 282 ⁴IOHANNIS
1192 249 1377 281 WYCLIF
1648 246 1737 274 CAP.
1757 247 1809 274 IX.

557 359 633 394 Hic
656 357 803 394 dicitur
826 358 933 405 quod
957 357 1205 404 loquendum
1232 364 1289 392 est
1313 357 1360 391 de
1385 354 1699 392 continuacione
1728 369 1811 392 mo-

499 426 610 452 tuum
646 428 726 464 quo
760 417 810 451 ad
844 424 1004 462 tempus
1035 414 1095 450 vel
1128 426 1207 462 quo
1241 414 1291 450 ad
1330 412 1569 459 subiectum,
1618 413 1721 450 sicut
1754 413 1811 449 di-

499 475 670 511 cendum
721 482 778 509 est
824 474 872 508 de
918 471 1182 509 continuitate
1223 471 1445 507 formarum
1480 470 1811 508 substancialium

499 541 537 568 et
565 531 809 579 simplicium
833 530 874 566 in
909 530 1054 575 mixtis,
1080 538 1117 565 et
1150 530 1197 565 de
1230 528 1426 565 densitate
1459 542 1505 565 ac
1528 529 1693 565 raritate
1726 541 1813 566 cor-

498 602 656 639 porum.
698 591 774 625 Pro
807 601 887 637 quo
921 588 1181 637 declarando,
1214 588 1437 624 notandum
1473 591 1531 623 2¹¹¹
1566 586 1811 624 sentenciam

499 647 843 696 perspectivorum
862 655 898 683 et
915 658 1171 682 communem
1189 644 1498 693 experiendam,
1515 646 1622 693 quod
1641 644 1814 681 maxima

499 705 690 754 decepcio
724 704 921 752 contingit
953 704 995 740 in
1028 703 1223 753 sensibus,
1241 703 1281 739 in
1313 703 1578 751 significando
1613 702 1813 740 continui-

499 773 623 801 tatem
659 772 803 800 motus.
840 762 961 798 Cuius
995 761 1104 798 racio
1139 770 1209 808 est,
1243 760 1338 809 quia
1371 770 1454 797 tarn
1487 762 1538 797 ad
1570 760 1667 797 situs
1691 773 1813 809 quam

501 824 552 858 ad
586 830 718 858 motus
751 820 1099 869 significacionern
1126 819 1347 867 requiritur
1368 827 1528 866 tempus
1552 819 1813 864 conveniens3

502 889 539 916 et
572 879 663 916 ideo
696 879 872 927 parvitas
911 877 1106 926 temporis
1146 877 1239 914 facit
1277 876 1474 925 quotlibet
1511 876 1737 923 illusiones;
1771 884 1815 912 ut

502 937 598 974 ticio
632 937 933 974 circumductus
967 936 1007 971 in
1039 935 1226 972 noctibus
1249 935 1409 971 videtur
1442 947 1609 971 causare
1642 934 1812 982 ignitum

504 995 717 1041 circulum,
743 994 846 1031 sicut
880 1002 917 1030 et
950 1003 1124 1042 punctus
1159 992 1360 1029 sensibilis
1394 992 1624 1029 rubricatus
1657 992 1699 1029 in
1722 994 1816 1029 base

504 1054 594 1090 alba
627 1053 729 1089 troci
763 1052 947 1089 celeriter
981 1051 1270 1098 circumducti3
1303 1059 1346 1087 ut
1380 1051 1580 1099 exemplat
1610 1051 1817 1087 Avicenna

504 1112 550 1148 60
584 1111 845 1157 naturalium,
889 1119 925 1146 et
959 1110 1128 1146 Boccius
1162 1109 1202 1145 in
1234 1108 1436 1157 principio
1478 1109 1628 1145 musice
1662 1121 1745 1155 sue,
1781 1117 1818 1144 et

505 1169 754 1217 experiencia
788 1167 1016 1205 communis
1056 1169 1104 1203 de
1142 1166 1414 1203 ioculantibus
1454 1167 1571 1203 docet
1610 1166 1728 1202 idem.
1770 1168 1818 1202 Et

504 1235 614 1275 patet
654 1228 761 1275 quod
802 1239 883 1263 non
932 1234 989 1262 est
1029 1226 1275 1261 credendum
1322 1224 1454 1261 sensui
1499 1224 1741 1273 generaliter
1778 1223 1819 1260 in

504 1285 663 1330 talibus,
704 1286 771 1321 sed
804 1283 944 1333 pocius
984 1283 1151 1329 racioni,
1193 1295 1370 1319 errorem
1411 1294 1548 1319 sensus
1589 1281 1819 1331 corrigenti.

507 1344 621 1380 Unde
654 1344 702 1379 de
741 1342 1010 1391 singularibus
1048 1341 1231 1377 sensibus
1278 1342 1472 1377 habemus
1512 1341 1651 1377 exilem
1692 1340 1820 1377 scien-

507 1401 622 1447 ciam,
657 1413 777 1449 quam
814 1399 938 1449 aliqui
961 1408 1106 1437 vocant
1129 1398 1344 1436 scienciam
1369 1398 1638 1435 communiter
1671 1399 1820 1435 dictam

505 1459 721 1496 scienciam
755 1459 991 1507 putativam,
1026 1458 1290 1505 probabilem,
1325 1456 1547 1505 thopicam,
1570 1456 1651 1493 sive
1684 1456 1818 1493 fidem.

506 1520 561 1553 Ex
594 1518 669 1554 ista
702 1517 972 1565 proporcione
1006 1528 1100 1563 ergo
1133 1514 1328 1563 temporis
1361 1514 1651 1561 convenientis,
1676 1526 1718 1550 ex
1741 1527 1820 1551 uno

506 1576 632 1612 latere
656 1576 752 1612 latet
776 1588 937 1611 sensum
962 1574 1052 1610 talis
1075 1586 1221 1622 parvus
1262 1582 1393 1609 motus
1434 1573 1558 1619 velox,
1594 1581 1630 1609 et
1664 1584 1707 1608 ex
1740 1572 1820 1609 alio

508 1634 631 1670 latere
666 1642 802 1670 manet
835 1633 875 1669 in
908 1645 1026 1669 sensu
1060 1631 1267 1668 communi
1302 1639 1338 1666 et
1370 1630 1643 1679 ymaginativa
1666 1630 1821 1679 species

508 1700 545 1728 et
578 1690 727 1728 iudicia
760 1700 916 1728 servata
956 1691 1003 1726 de
1044 1690 1246 1726 coloribus
1287 1698 1324 1725 et
1362 1688 1516 1734 sitibus,
1558 1690 1653 1724 dum
1689 1697 1821 1725 motus

509 1749 655 1786 fuerint
689 1749 871 1786 celeriter
904 1748 1083 1796 repetiti3
1118 1757 1155 1784 et
1189 1747 1280 1783 hinc
1315 1747 1357 1783 fit
1389 1746 1479 1783 talis
1512 1746 1656 1783 illusio.

569 1811 614 1843 20
648 1816 901 1856 supponatur
946 1819 990 1843 ex
1035 1819 1157 1854 supra
1206 1805 1321 1841 dictis
1375 1806 1483 1853 quod
1535 1804 1637 1840 sicut
1691 1813 1822 1841 motus

510 1874 724 1913 agregatus
755 1874 922 1903 vocatur
954 1873 1087 1900 motus
1120 1864 1222 1900 inter
1256 1863 1368 1899 cuius
1401 1871 1535 1911 partes
1576 1862 1823 1899 intercidunt

512 1924 636 1960 multe
652 1923 807 1972 quietes
829 1924 890 1960 vel
916 1923 1040 1959 multa
1074 1921 1399 1958 substancialiter
1422 1920 1478 1957 illi
1502 1920 1822 1968 impertinencia,

513 1981 884 2030 proporcionaliter
931 1980 1145 2017 dicendum
1201 1988 1260 2015 est
1305 1992 1384 2028 quo
1429 1980 1479 2015 ad
1523 1978 1822 2015 intercisionem

511 2039 752 2076 instancium
793 2041 841 2076 de
881 2038 1162 2088 quandalitate
1201 2038 1261 2074 vel
1303 2046 1485 2084 tempore
1518 2045 1723 2085 agregato.
1759 2037 1824 2073 Sic

512 2098 621 2134 enim
656 2106 817 2146 oportet
858 2097 1143 2145 philosophum
1182 2095 1306 2143 loqui,
1348 2094 1584 2143 ampliando
1623 2096 1742 2131 verba
1777 2096 1824 2130 de

511 2156 700 2204 presenti,
750 2157 913 2204 quando
946 2155 1126 2203 loquitur
1170 2155 1217 2189 de
1252 2152 1485 2189 huiusmodi
1524 2152 1743 2200 agregatis3
1783 2161 1824 2188 ut

513 2223 625 2262 patet
658 2215 706 2250 de
739 2214 864 2261 stirpe
896 2214 957 2250 vel
989 2224 1147 2260 genere,
1189 2213 1236 2248 de
1269 2210 1462 2259 religione
1496 2211 1555 2247 vel
1588 2210 1742 2256 ordine,
1777 2212 1825 2246 de

516 2273 669 2321 populo
702 2273 763 2309 vel
796 2283 1039 2320 quacunque
1074 2270 1150 2306 alia
1187 2268 1456 2305 multitudine.

571 2332 639 2366 His
673 2329 878 2378 premissis
912 2329 1059 2365 dicitur
1091 2332 1137 2377 30
1172 2329 1280 2375 quod
1315 2326 1528 2375 dupliciter
1561 2325 1708 2362 dicitur
1742 2339 1825 2362 mo-

513 2397 576 2424 tus
623 2388 858 2433 continuus3
905 2388 965 2424 vel
1014 2385 1253 2433 simpliciter
1297 2393 1339 2421 ut
1392 2385 1521 2420 solum
1569 2393 1713 2429 motus,
1767 2384 1826 2420 vel

512 2446 801 2491 velocissimus,
835 2445 940 2482 inter
972 2444 1083 2481 cuius
1116 2453 1250 2491 partes
1283 2455 1363 2479 non
1397 2451 1455 2478 est
1498 2441 1634 2490 aliqua
1674 2441 1827 2478 invasio

515 2503 661 2552 quietis
710 2503 914 2552 opposite3
967 2503 1028 2539 vel
1081 2510 1212 2538 motus
1258 2500 1476 2537 continuus
1520 2512 1601 2548 quo
1645 2501 1696 2535 ad
1744 2499 1827 2536 eius

515 2562 690 2610 primam
725 2574 969 2608 mensuram,
993 2561 1085 2597 licet
1117 2559 1357 2596 intercidant
1381 2558 1504 2594 multe
1527 2557 1680 2606 quietes
1704 2570 1828 2606 oppo-

1832 589 1847 621 5

1837 891 1875 911 10

1840 1169 1874 1201 15

1838 1469 1879 1490 20

1841 2040 1882 2072 30

1843 2328 1882 2361 35

516 2620 603 2656 site.
652 2622 699 2656 Et
745 2620 864 2656 istum
912 2631 1012 2656 voco
1058 2627 1213 2654 motum
1256 2616 1492 2653 continuum
1529 2619 1584 2651 2m
1617 2615 1726 2663 quid.
1781 2617 1887 2658 Et40

516 2679 647 2714 taliter
709 2687 868 2726 oportet
931 2688 1214 2726 quemcunque
1267 2674 1620 2722 philosophantem
1677 2685 1827 2721 ponere

590 2877 624 2904 ιε.
647 2868 819 2904 αεῑοςιιιῖυω
842 2877 874 2903 13.
986 2874 1030 2902 30.
1054 2875 1097 2902 soi
1121 2875 1152 2901 Β.
