2051 3327
220 250 295 286 194

212 360 293 387 Here
317 360 328 386 Ι
347 358 478 385 wonder

242 397 311 422 how
332 393 459 421 modern

213 430 333 457 writers
354 436 410 455 can
432 435 489 462 pay

213 473 247 492 so
269 464 341 491 little
362 462 436 489 heed
459 466 489 488 to

267 499 344 525 their
363 504 435 523 own

222 532 422 570 expressions
442 539 480 558 on

228 569 311 595 these
333 567 476 600 subjects,

242 602 344 629 which
365 601 462 636 imply

259 637 323 664 that
344 643 436 669 many

248 671 351 706 things
372 670 449 697 exist

227 706 328 733 which
349 713 400 732 are
421 708 473 731 not

286 744 419 774 present.

293 774 321 802 Π
339 778 402 808 not,

261 813 436 836 movement

225 844 316 871 could
340 845 416 870 have
437 851 476 870 no

227 878 393 914 beginning
415 885 470 904 nor

222 915 297 947 end;
319 913 425 947 design
446 912 475 951 in

238 953 354 981 nature,
377 952 466 974 merit

243 982 301 1009 and
324 982 465 1016 demerit,

225 1017 326 1044 would
350 1016 471 1052 perish;

273 1052 349 1079 thet‘t
369 1052 429 1079 and

227 1087 372 1121 hanging‚
393 1087 480 1113 work

256 1122 315 1149 and
338 1121 450 1154 health,

221 1157 321 1184 father
341 1156 400 1183 and
421 1164 490 1189 son,

233 1191 386 1226 privation
408 1191 467 1218 and

253 1226 450 1262 productim,

217 1261 320 1288 would
343 1269 382 1288 no
404 1269 492 1289 more

228 1297 264 1324 be
284 1304 394 1323 causes
415 1297 474 1323 and

296 1330 411 1357 effeets.

247 1365 316 1393 And
339 1365 470 1400 nothing

217 1400 306 1428 could
324 1400 445 1435 happen
461 1401 491 1427 in

216 1436 317 1463 which
334 1436 416 1463 there
432 1443 493 1462 was

240 1480 255 1498 a
276 1468 386 1506 before
406 1470 465 1497 and

220 1514 256 1533 an
277 1506 480 1543 afterwards.

229 1877 351 1904 Blessed
375 1877 413 1903 be
432 1876 481 1902 the

218 1911 312 1945 Lord,
333 1911 403 1937 who
420 1910 490 1937 hath

218 1945 412 1981 enlightened
435 1953 485 1980 my

237 1981 334 2013 mind⁷
356 1989 390 2007 so
411 1980 475 2006 that

230 2017 242 2043 Ι
261 2024 371 2050 escape
392 2015 475 2041 these

288 2050 393 2077 sti-aits
408 2049 413 2077 1

247 2085 328 2112 That
349 2084 418 2112 God
439 2084 464 2111 is

247 2120 361 2147 certain
384 2127 416 2146 as
437 2123 466 2145 to

249 2156 348 2182 t'uture
367 2153 470 2188 things

278 2190 382 2216 makes
402 2193 441 2215 ho

237 2224 401 2259 ditficulty3
423 2223 471 2250 for

246 2259 329 2286 there
350 2258 376 2285 is
398 2257 469 2284 both

255 2293 459 2327 contingency

237 2328 296 2355 and
319 2327 481 2361 necessity.

221 2364 232 2390 I
253 2371 301 2389 am
323 2362 406 2396 quite
427 2362 488 2388 t'ree

230 2402 281 2424 not
300 2402 330 2424 to
351 2401 396 2423 act
418 2395 488 2422 thus

289 2440 323 2459 or
343 2432 424 2463 thus,

243 2467 296 2494 but
317 2466 376 2493 this
397 2466 470 2493 does

255 2507 308 2529 not
331 2500 458 2528 exclude

250 2535 469 2572 hypothetical,

232 2574 305 2610 only
326 2571 477 2603 absolute,

268 2606 392 2639 violent,
414 2613 448 2632 or

301 2640 417 2667 natural

275 2675 434 2710 necessity.

940 242 1164 273 JOHANNIS
1191 241 1375 272 WYCLIF
1667 238 1753 266 CAP.
1777 239 1812 267 X.

566 353 612 386 Et
647 349 710 385 hic
744 348 923 384 admiror
956 349 1161 396 quomodo
1195 347 1377 383 moderni
1410 360 1489 384 non
1524 349 1734 384 advertunt
1766 349 1815 384 ad

505 406 735 444 locuciones
768 418 859 442 suas
895 407 942 441 de
975 405 1184 453 prioritate
1218 414 1254 441 et
1288 404 1584 452 posterioritate
1608 405 1815 453 temporis,

505 467 552 501 dc
586 463 847 500 difformitate
882 471 1014 499 motus
1048 476 1127 511 quo
1160 465 1210 499 ad
1244 472 1403 510 tempus
1444 465 1498 509 (et
1531 463 1586 499 sic
1619 464 1666 499 de
1699 462 1816 509 aliis),

504 524 551 559 de
597 520 977 569 comparacionibus
1031 520 1328 557 includentibus
1384 521 1510 557 multa
1563 533 1645 557 esse
1710 530 1817 557 extra

504 592 681 628 presens.
727 579 853 615 Aliter
897 578 1001 615 enim
1047 591 1128 614 non
1174 587 1274 614 esset
1309 577 1498 626 possibile
1544 587 1697 615 motum
1731 580 1851 615 suc-5

505 638 699 674 cessivum
734 637 794 673 vel
839 636 1016 672 subitum
1049 636 1270 682 terminari,
1324 637 1383 672 vel
1416 637 1562 673 habere
1600 636 1817 672 terminum

506 709 528 732 a
561 708 640 743 quo
694 695 755 731 vel
801 693 1019 730 terminum
1065 695 1114 730 ad
1161 706 1292 742 quem,
1345 695 1407 730 vel
1460 703 1646 731 naturam
1699 707 1818 742 agere

506 763 674 801 propter
699 753 817 788 finem
843 752 1019 788 accionis
1043 764 1123 802 sue,
1156 765 1228 788 nec
1262 751 1450 788 meritum
1483 753 1544 788 vel
1577 752 1818 788 demeritum

505 824 587 847 esse
621 823 782 847 causam
817 822 917 858 pene
949 811 1009 846 vel
1043 809 1204 858 premii3
1248 822 1321 846 nec
1364 809 1513 846 furtum
1560 818 1690 857 potest
1736 823 1819 847 esse

505 881 624 905 causa
657 867 944 916 suspensionis,
977 880 1048 904 nec
1081 868 1194 904 labor
1218 880 1337 904 causa
1370 867 1568 913 sanitatis,
1602 880 1674 904 nec
1707 877 1820 916 pater
1840 881 1877 902 10

505 939 625 963 causa
666 925 751 972 filii,
798 938 871 962 nec
917 925 1095 973 privacio
1149 925 1393 973 principium
1429 925 1694 973 producendi,
1748 938 1820 962 nec

507 997 614 1020 mors
647 985 708 1020 vel
741 984 830 1019 fons
862 982 940 1020 vite
974 983 1063 1019 aliis
1097 992 1227 1031 potest
1260 996 1363 1032 esse3
1406 995 1479 1020 nec
1512 983 1657 1031 aliquis
1689 993 1822 1031 potest

506 1042 713 1078 ambulare
759 1042 817 1077 vel
864 1041 996 1078 dicere
1030 1050 1328 1092 argumentum,
1381 1053 1454 1077 nec
1499 1041 1651 1090 aliquid
1692 1050 1822 1089 potest

507 1111 591 1136 esse
624 1109 715 1136 ante
749 1108 906 1146 tempus
939 1100 999 1135 vel
1038 1108 1128 1146 post
1162 1098 1269 1135 aliud
1302 1099 1472 1144 instans;
1527 1108 1564 1135 et
1596 1098 1652 1135 sic
1685 1099 1821 1135 onmia

507 1157 705 1205 incipiunt
739 1166 776 1193 et
810 1158 954 1193 desunt
978 1169 1076 1203 esse,
1111 1170 1200 1193 cum
1235 1169 1316 1193 non
1351 1156 1424 1193 erit
1446 1166 1605 1205 tempus
1637 1157 1878 1205 ampliuS.1.⁵>

508 1214 548 1251 si
583 1215 685 1251 enim
720 1217 753 1250 A
786 1214 860 1251 erit
894 1224 982 1262 post
1016 1215 1105 1261 hoc,
1140 1224 1234 1251 tunc
1267 1214 1456 1263 possibile
1481 1224 1538 1251 est
1560 1216 1592 1251 A
1616 1227 1699 1251 esse
1733 1224 1823 1263 post

509 1273 597 1318 hoc,
633 1282 669 1309 et
702 1282 797 1309 tunc
830 1272 1021 1320 possibile
1054 1282 1111 1309 est
1145 1272 1465 1310 anterioritatem
1497 1273 1557 1309 vel
1590 1273 1822 1321 posteriori-

508 1340 630 1367 tatem
666 1343 762 1377 esse⁷
804 1339 840 1366 et
885 1330 940 1367 sic
979 1330 1232 1379 prioritatem
1273 1340 1309 1367 et
1348 1330 1702 1379 posterioritatem.
1755 1332 1823 1368 Se-

509 1388 648 1437 quitur
681 1388 806 1425 enim:
861 1401 934 1439 ego
966 1401 1050 1425 sum
1085 1397 1170 1425 ante
1202 1389 1249 1435 Β,
1290 1401 1387 1440 ergo
1419 1402 1502 1425 sum
1532 1389 1646 1438 prius
1678 1396 1822 1438 tempo-

509 1447 648 1482 raliter
680 1459 792 1495 quam
827 1447 873 1484 Β.
909 1448 957 1482 Et
989 1446 1044 1483 ita
1078 1448 1125 1483 de
1154 1453 1255 1496 post,
1304 1446 1398 1495 quia
1442 1446 1558 1483 aliter
1602 1459 1682 1483 non
1722 1455 1824 1483 esset
1841 1462 1883 1482 20

508 1504 696 1553 possibile
730 1505 837 1553 quod
871 1517 995 1540 unum
1020 1506 1209 1541 succedat
1241 1505 1301 1541 vel
1335 1506 1524 1553 precedat
1548 1504 1825 1553 temporaliter

509 1562 631 1612 aliud⁷
666 1575 756 1598 cum
791 1574 865 1610 pro
901 1574 1086 1599 mensura
1120 1575 1193 1610 pro
1227 1575 1305 1610 qua
1338 1572 1429 1599 sunt
1462 1562 1594 1612 simul,
1635 1572 1822 1599 neutrum

509 1629 567 1656 est
599 1620 879 1668 temporaliter
902 1630 990 1668 post
1022 1621 1082 1657 vel
1107 1630 1198 1657 ante
1221 1620 1435 1669 reliquum.
1470 1623 1560 1657 Non
1593 1620 1697 1657 enim
1732 1633 1824 1657 con-

509 1679 733 1714 cedendum
769 1687 827 1714 est
861 1680 969 1726 quod
994 1680 1090 1715 deus
1123 1678 1217 1715 facit
1247 1678 1382 1727 aliqua
1405 1680 1484 1715 duo
1508 1678 1685 1726 incipere
1719 1691 1822 1725 esse;

509 1745 546 1772 et
579 1736 609 1772 si
644 1745 906 1784 cognosceret
958 1750 1082 1772 unum
1132 1749 1247 1785 posse
1293 1736 1452 1773 differre
1485 1749 1507 1773 a
1540 1736 1710 1786 reliquo,
1762 1737 1880 1773 ve125

508 1795 677 1830 alterum
726 1793 887 1830 illorum
933 1794 1117 1830 ordinate
1157 1807 1273 1842 posse
1307 1793 1405 1840 fieri,
1451 1794 1534 1842 ipse
1567 1807 1647 1830 non
1679 1794 1735 1831 sic
1768 1795 1822 1830 fa·

509 1861 626 1889 ceret.
675 1851 913 1888 Benedictus
961 1852 1010 1888 sit
1042 1865 1135 1900 ergo
1169 1852 1357 1889 dominus
1391 1851 1599 1901 temporis,
1634 1852 1701 1900 qui
1734 1852 1822 1888 illu-

509 1909 635 1945 minat
688 1919 864 1946 mentem
916 1923 1045 1946 meam
1087 1923 1208 1958 supra
1260 1919 1419 1958 tempus
1479 1912 1529 1947 ad
1574 1911 1821 1947 evadendum

508 1967 631 2004 libere
664 1980 805 2004 omnes
839 1967 934 2004 istas
969 1968 1173 2016 angustias
1207 1968 1369 2016 spiritus
1402 1967 1442 2004 in
1476 1969 1694 2016 loquendo.

568 2028 648 2061 Nec
684 2035 817 2062 movet
850 2025 1066 2062 difficultas
1106 2028 1153 2062 de
1186 2026 1412 2063 assercione
1454 2025 1515 2062 dei
1549 2035 1733 2073 respectu
1766 2026 1823 2062 fu·
1841 2033 1882 2065 30

509 2092 706 2129 tui-orum,
752 2085 857 2132 quod
893 2083 1081 2120 utrolibet
1126 2093 1183 2120 est
1216 2083 1290 2120 sibi
1333 2093 1495 2120 causata
1529 2083 1741 2130 certitudo,
1788 2093 1824 2120 et

508 2140 563 2177 ita
596 2141 715 2177 simul
738 2141 778 2178 in
803 2154 925 2177 unum
951 2141 1233 2190 contingencia
1268 2150 1304 2178 et
1337 2142 1566 2178 necessitas.
1601 2144 1683 2190 Ego
1717 2141 1822 2177 enim

509 2198 710 2235 liberrime
743 2211 907 2247 possum
931 2212 1013 2236 non
1035 2200 1175 2236 fecisse
1199 2212 1481 2248 quemcunque
1505 2209 1654 2249 actum,
1688 2212 1824 2247 ymmo

509 2269 589 2292 non
622 2269 706 2293 esse
739 2270 812 2304 pro
845 2269 965 2303 nunc,
1019 2270 1108 2293 cum
1155 2270 1273 2293 omne
1322 2271 1446 2293 unum
1494 2259 1601 2306 quod
1651 2270 1734 2293 uon
1767 2266 1825 2293 est

509 2315 690 2351 absolute
723 2314 995 2351 necessarium
1044 2325 1101 2351 est
1147 2315 1384 2362 contingens
1430 2317 1479 2352 ad
1520 2315 1754 2351 utrumlibet
1787 2321 1880 2354 et35

509 2371 778 2408 necessarium
826 2385 869 2408 ex
913 2373 1209 2421 supposicione.
1263 2372 1303 2409 Si
1350 2385 1443 2421 ergo
1491 2382 1593 2409 esset
1645 2373 1824 2409 absolute

509 2429 779 2466 necessarium
813 2431 949 2466 omnia
982 2431 1115 2467 futura
1149 2430 1318 2474 evenire,
1352 2432 1412 2467 vel
1442 2431 1677 2467 necessitate
1711 2443 1824 2467 coac-

510 2486 650 2538 cionis,
690 2489 749 2524 vel
783 2491 827 2536 30
857 2488 1096 2525 necessitate
1128 2488 1302 2525 naturali
1327 2489 1558 2525 excludente
1581 2488 1823 2533 libertatem,

510 2545 657 2593 periret
693 2545 894 2583 meritum.
929 2547 1048 2583 Modo
1083 2556 1140 2582 est
1173 2546 1445 2582 necessarium
1481 2545 1682 2590 meritum,
1731 2559 1824 2583 con-

508 2602 775 2649 siliacionem,
822 2616 958 2640 casum
993 2613 1029 2640 et
1063 2604 1264 2640 fortunam
1313 2616 1414 2640 esse:
1468 2617 1560 2652 ymo
1594 2604 1822 2652 potenciam
1839 2619 1883 2650 40

592 2801 619 2827 9.
643 2783 682 2821 no
705 2794 745 2827 pt'
768 2794 798 2820 B.
854 2796 863 2804 '¹
927 2802 964 2828 ¹3-
993 2784 1041 2820 affl
1059 2802 1119 2829 pro
1140 2799 1356 2829 argumentum
1380 2795 1411 2821 Β.
1539 2802 1584 2821 20.
1617 2795 1638 2822 B
1673 2794 1757 2822 deest
1790 2795 1822 2821 Β.

511 2848 555 2876 30.
579 2849 711 2885 assscone
732 2851 764 2878 B.
856 2851 895 2879 31.
919 2842 984 2878 ἔεῖῐει
1005 2852 1037 2878 B.
