2051 3327
263 413 361 439 Mau’s
383 413 447 439 soul
471 412 495 438 is

280 447 484 474 immaterial:

289 482 352 508 that
373 481 409 508 of
428 482 476 508 tlle

249 516 356 551 lliglier
377 515 518 550 animals,

299 550 477 577 indivisible

259 586 311 612 but
331 585 507 620 dependent

275 628 356 654 upon
379 624 500 647 matter.

262 943 342 969 Eacli
365 943 506 978 superior

262 978 340 1004 form
362 978 501 1005 includes

267 1013 354 1040 those
374 1012 501 1040 inferior

342 1053 371 1075 to
392 1048 422 1074 it.

291 1083 336 1109 As
356 1084 404 1109 for
424 1082 474 1109 the

269 1118 366 1145 forms
387 1117 423 1144 of
440 1117 489 1144 the

252 1152 419 1186 Annulosa,
442 1152 511 1187 they

262 1195 322 1221 are,
345 1196 377 1214 as
398 1187 495 1214 above

290 1221 478 1255 mentioned,

263 1257 410 1284 extended
432 1257 462 1283 in
485 1263 501 1282 a

265 1291 380 1319 certain
402 1298 501 1321 sense,

325 1326 377 1353 but
398 1330 450 1353 not

265 1360 506 1395 infinitesimally

271 1404 321 1428 s0;
341 1396 391 1422 the
413 1399 497 1431 parts

259 1435 309 1458 cut
330 1435 411 1457 must
432 1430 508 1457 have

265 1474 281 1493 a
300 1465 415 1492 certain
436 1465 507 1491 size.

306 1500 393 1536 They
414 1504 461 1526 act

246 1535 385 1570 together
407 1542 440 1561 as
460 1533 510 1561 the

270 1570 356 1596 souls
376 1569 411 1596 of
428 1576 497 1596 men

270 1604 305 1631 of
322 1605 423 1631 whom
445 1603 495 1630 the

254 1639 312 1666 bod
355 1639 380 1666 is
401 1638 513 1666 double

300 1682 315 1701 a
341 1682 397 1700 ove
417 1673 466 1700 the

334 1709 432 1735 waist.

309 1754 321 1782 1
341 1755 424 1782 leave
444 1763 460 1781 a

327 1790 439 1829 deeper

275 1829 483 1852 Cxamlnatlon

268 1860 303 1887 of
319 1859 379 1887 this
398 1863 429 1886 to
449 1860 499 1886 the

279 1894 414 1928 learned,
434 1894 487 1920 but

255 1930 310 1964 beg
329 1929 417 1956 those
437 1929 508 1955 who

313 1964 382 1991 read
405 1968 459 1990 not

248 2004 278 2026 to
293 1999 445 2026 condemn
459 2006 517 2032 me,

273 2035 402 2061 because
422 2033 433 2060 l
454 2033 494 2060 do

253 2073 306 2096 not
325 2077 413 2103 agree
433 2068 507 2095 with

320 2103 449 2130 modern

315 2138 458 2172 theories,

278 2173 331 2200 but
351 2172 443 2200 strive
463 2177 493 2199 to

273 2208 422 2235 reconcile
442 2207 491 2234 the

283 2243 366 2270 dicta
386 2242 421 2269 of
437 2242 486 2268 the

272 2277 409 2304 ancients
429 2276 502 2303 with

325 2319 444 2339 reason.

972 251 1196 282 JOHANNlS
1222 251 1407 281 WYCLIF
1681 247 1770 275 CAP-
1791 247 1842 275 IX.

535 351 814 404 incorporalis,
857 370 944 392 cum
988 356 1071 393 eius
1113 356 1277 404 propria
1310 356 1499 403 operacio
1531 369 1613 392 non
1645 357 1844 404 dependet

535 428 556 451 a
598 427 780 462 corpore.
843 416 986 450 Forme
1037 427 1130 450 vero
1176 416 1385 450 brutorum
1427 414 1697 462 perfectorum
1751 422 1842 450 sunt

534 472 806 518 indivisibiles,
842 471 1107 520 multiplicate
1141 484 1210 519 per
1242 480 1386 517 totum,
1420 473 1488 507 sed
1522 471 1732 519 requirunt
1756 484 1842 508 cor-

534 543 606 577 pus
640 529 873 578 organicum
908 531 956 566 ad
991 542 1106 565 suum
1141 542 1235 575 esse,
1269 529 1380 565 sicud
1412 542 1493 565 non
1517 530 1664 565 habent
1703 541 1844 577 opera-

534 587 691 624 cionem
717 587 1052 635 independentem
1079 588 1127 623 ab
1144 600 1297 635 organo
1315 586 1528 635 corporali.
1554 588 1845 623 Verumtamen
1862 590 1878 621 5

533 645 663 682 omnis
687 646 822 682 anima
847 645 1112 693 multiplicata
1136 655 1193 681 est
1227 644 1428 692 cognitiva
1462 644 1687 681 communis
1712 644 1846 681 multi-

534 703 670 751 plicati
694 712 736 739 ut
760 703 1079 740 transcendentis
1099 712 1135 739 et
1152 702 1431 739 communium
1458 702 1750 739 accidencium.
1768 703 1844 739 Sed

533 774 614 797 non
658 770 715 797 est
760 760 949 808 possibile
997 760 1175 798 animam
1221 760 1410 797 distincte
1462 772 1704 808 cognoscere
1756 762 1846 796 sub-

534 818 729 855 stanciam
747 819 995 856 racionalem
1020 821 1091 855 sub
1117 818 1281 855 racione
1303 817 1546 864 substancie,
1570 830 1643 855 nec
1668 817 1843 855 animam

535 876 845 925 multiplicatam
881 886 918 914 et
951 877 1215 925 separabilem
1257 876 1582 913 substancialiter
1616 889 1637 912 a
1672 888 1842 925 corpore
1868 889 1906 910 10

533 934 608 971 sibi
644 934 864 972 accidente.
927 936 976 971 Et
1008 947 1166 983 semper
1199 935 1327 970 forma
1361 934 1545 982 superior
1579 933 1758 971 continet
1790 934 1847 970 in-

534 992 740 1039 feriorem;
784 1002 826 1029 ut
866 992 1000 1029 anima
1045 992 1310 1040 presupponit
1364 993 1514 1028 formas
1553 993 1845 1029 elementorum

534 1060 570 1087 et
620 1051 769 1087 formas
814 1050 1094 1099 superadditas
1134 1050 1174 1086 in
1214 1050 1394 1098 partibus
1435 1049 1495 1086 sui
1530 1050 1708 1087 subiecti.
1771 1051 1846 1086 Im-

533 1108 724 1157 possibile
757 1117 891 1145 tamen
926 1117 984 1144 est
1017 1109 1125 1156 quod
1166 1108 1293 1144 forme
1333 1108 1578 1144 diversarum
1623 1107 1845 1156 specierum

533 1176 696 1203 actuent
729 1166 860 1214 primo
895 1167 1062 1203 eandem
1098 1166 1324 1212 materiam,
1357 1167 1418 1202 vel
1451 1165 1529 1202 sint
1561 1165 1745 1214 proximo
1778 1168 1903 1214 per15

535 1226 706 1261 eandem
749 1224 962 1261 materiam
1003 1225 1214 1272 adequate.
1278 1225 1421 1260 Forme
1454 1236 1549 1261 vero
1582 1224 1844 1261 anulosorum

535 1291 628 1319 sunt
676 1283 982 1331 quodammodo
1016 1290 1187 1328 extense,
1235 1283 1354 1318 modo
1389 1295 1468 1329 quo
1504 1281 1659 1318 dictum
1694 1290 1751 1318 est
1785 1295 1848 1318 su-

535 1340 681 1388 perius,
716 1342 785 1376 sed
817 1341 947 1376 solum
983 1339 1094 1376 finite
1123 1340 1164 1375 in
1195 1352 1275 1375 uno
1300 1339 1476 1384 animali,
1502 1352 1591 1376 cum
1617 1352 1697 1376 una
1719 1340 1848 1377 forma

535 1397 702 1447 requirit
736 1407 886 1435 certam
922 1397 1222 1434 multitudinem
1254 1397 1431 1443 materie,
1466 1406 1573 1434 recte
1612 1398 1847 1446 dispositam

535 1458 584 1493 ad
628 1455 963 1504 cuiusquemlibet
1007 1464 1201 1504 punctum
1249 1467 1332 1492 esse
1376 1455 1500 1492 illam.
1564 1458 1612 1492 Et
1644 1455 1700 1492 sic
1742 1469 1851 1493 com-
1867 1466 1908 1487 20

536 1514 743 1550 municant
775 1514 815 1550 in
839 1515 1054 1559 actuando‚
1088 1513 1190 1549 sicut
1214 1513 1347 1550 anime
1372 1514 1582 1550 hominum
1607 1513 1848 1551 habencium

534 1573 613 1608 duo
647 1574 768 1608 corda
802 1580 838 1608 et
872 1580 1023 1608 ceteras
1048 1580 1181 1620 partes
1211 1571 1434 1619 geminatas
1457 1584 1578 1620 supra
1613 1571 1849 1620 diafragma,

535 1639 571 1666 et
610 1631 681 1666 sub
723 1630 988 1678 diafragmate
1026 1630 1156 1666 solum
1200 1631 1381 1666 membra
1423 1629 1558 1678 qualia
1593 1630 1849 1667 convenirent

535 1687 603 1724 uni
637 1687 803 1727 homini.

593 1747 670 1782 Sed
703 1747 751 1783 de
784 1745 970 1782 omnibus
1009 1744 1093 1781 istis
1133 1745 1361 1793 relinquens
1396 1745 1607 1782 subtilibus
1640 1745 1779 1794 logicis
1812 1755 1849 1783 et
1867 1745 1906 1777 25

533 1804 786 1841 naturalibus
829 1803 1076 1852 profundum
1132 1803 1385 1850 scrutinium,
1447 1816 1544 1851 rogo
1601 1804 1850 1852 perlegentes

531 1863 629 1899 illud
663 1862 881 1910 capitulum
915 1874 997 1897 non
1024 1862 1321 1909 condempnare
1353 1862 1414 1897 vel
1437 1861 1617 1898 deridere
1650 1862 1722 1899 hec
1745 1862 1852 1899 dicta

531 1930 723 1968 tanquam
760 1919 1096 1967 [in]probabiliter
1118 1919 1309 1967 opiniata.
1345 1919 1437 1956 Scio
1470 1919 1574 1956 enim
1610 1921 1718 1968 quod
1752 1921 1851 1956 mul-

532 1978 582 2015 tis
623 1978 831 2015 autoribus
867 1977 1157 2025 discreparant,
1202 1986 1238 2013 et
1281 1986 1516 2025 argumenta
1559 1978 1850 2015 calculancium

534 2035 770 2072 interimunt
815 2036 960 2072 multas
1004 2035 1214 2083 opiniones
1260 2044 1296 2072 et
1335 2036 1480 2072 multas
1525 2035 1851 2084 ymaginaciones
1868 2041 1910 2073 30

537 2096 837 2132 modernorum.
899 2095 940 2129 In
984 2093 1093 2129 omni
1127 2106 1302 2142 namque
1335 2093 1513 2130 veritatis
1548 2094 1729 2130 examine
1762 2107 1850 2142 pre-

537 2152 644 2189 cellit
690 2152 813 2197 racio,
861 2164 950 2187 cum
998 2160 1181 2187 auctores
1226 2151 1411 2187 trahendi
1457 2160 1549 2188 sunt
1593 2153 1642 2188 ad
1683 2164 1850 2189 concor-

537 2210 722 2246 danciam
762 2209 935 2246 racionis
976 2208 1191 2252 iuvamine,
1232 2222 1312 2245 non
1355 2222 1374 2245 e
1418 2218 1570 2246 contra.
1633 2212 1733 2246 Nam
1768 2223 1850 2247 non

537 2268 702 2304 dubium
738 2267 833 2316 quin
872 2267 980 2303 racio
1026 2267 1162 2303 docuit
1198 2267 1467 2314 Aristotelem,
1503 2268 1723 2314 Platonem,
1759 2269 1851 2305 Par-

541 2326 740 2362 menidem
788 2334 825 2361 et
858 2325 1150 2369 Democritum,
1196 2326 1256 2361 vel
1301 2338 1584 2373 quemcunque
1625 2325 1746 2362 alium
1782 2327 1850 2362 ho-
1868 2328 1907 2363 35

540 2383 705 2429 minem,
740 2382 939 2431 quidquid
972 2382 1166 2419 invenerit
1198 2382 1388 2419 veritatis.

611 2573 631 2591 ι.
659 2555 736 2590 5001·t
762 2563 795 2590 Β.
888 2564 915 2591 6.
938 2546 1017 2598 ςῖυζ
1040 2563 1071 2590 Β.
1172 2571 1198 2598 7.
1221 2550 1286 2590 ffi’w
1309 2563 1347 2593 B:
1375 2563 1413 2589 ib.
1436 2554 1527 2598 φωῖιῖ
1540 2564 1572 2590 ss.
1666 2563 1703 2591 15.
1737 2563 1787 2598 p'o
1819 2564 1849 2590 Β.

539 2631 584 2649 20.
618 2611 650 2649 sse
670 2611 702 2649 <Te
718 2621 753 2655 (ἓ)
776 2622 807 2649 Β.
905 2621 948 2649 28
971 2622 1000 2648 in
1021 2622 1106 2649 deest
1127 2622 1157 2648 Β.
1250 2619 1295 2648 30.
1317 2600 1416 2648 lvffiuffi
1437 2621 1469 2648 Β.
1553 2619 1595 2648 33.
1618 2607 1712 2648 libafe
1729 2629 1789 2656 pro
1810 2621 1852 2648 iu-

538 2658 660 2684 vamine
683 2658 713 2684 B.
