2051 3327
191 223 242 261 26

221 348 331 382 §phere
351 349 433 372 went

229 381 392 413 towards,
414 380 434 406 it

209 417 312 443 would
336 415 450 442 remain

245 450 412 485 seemingly

227 486 417 513 motiouless.

223 521 299 548 Both
322 520 431 554 sphere

198 556 256 583 and
279 563 335 582 sun
357 553 459 580 would

209 599 308 623 move⁷
332 590 383 615 but
404 596 449 613 we

208 625 298 652 could
321 628 373 651 not
393 623 448 649 call

200 662 265 688 that
285 661 461 686 movement

204 695 348 731 properly
368 691 460 727 surg‘ft.

236 731 293 758 But
313 730 364 756 the
385 734 441 754 sun

226 764 328 792 would
350 770 440 789 move

210 802 289 828 from
312 797 401 825 north
425 800 456 823 to

206 837 296 863 south
318 832 391 859 with
413 839 449 857 an

259 870 407 904 apparent

235 905 422 931 movement.

233 939 327 968 Some
349 937 427 971 deny

198 977 264 1002 that
285 974 462 1000 movement

192 1012 218 1037 is
240 1007 375 1044 possible
395 1005 425 1032 in
447 1013 461 1031 a

253 1046 399 1076 contrary

195 1078 346 1106 direction
367 1080 398 1102 to
419 1075 469 1101 the

263 1113 384 1148 spliere.

220 1148 277 1175 But
296 1148 368 1173 then
390 1145 440 1172 the

194 1191 250 1210 sun
271 1181 373 1208 would
395 1180 470 1207 have

281 1225 297 1243 a
318 1216 377 1243 real

194 1255 369 1280 movement
389 1250 469 1276 from

201 1287 289 1314 south
311 1290 341 1313 to
362 1284 464 1317 north,

209 1326 261 1349 not
281 1321 361 1348 from
382 1322 459 1346 west

267 1361 297 1383 to
319 1359 392 1382 east.

238 1390 296 1417 KVc
317 1393 430 1417 cannot

225 1426 321 1453 admit
342 1425 406 1451 that
427 1432 442 1450 a

241 1463 418 1488 movemeut

259 1495 371 1529 having
392 1502 407 1520 a

196 1531 309 1558 certain
332 1528 465 1564 rapidity

202 1565 315 1599 would,
337 1564 362 1591 if
380 1571 465 1590 more

215 1601 347 1633 intense,
369 1600 446 1625 have

287 1642 377 1661 none.

221 1670 309 1696 Tuus
332 1670 340 1695 l
362 1668 449 1695 think

217 1705 282 1731 that
302 1703 454 1730 eastward

215 1740 274 1767 aud
295 1737 459 1765 westward

248 1773 426 1801 tendencies

205 1808 374 1836 contradict
393 1807 465 1834 each

288 1844 386 1870 other.

227 1878 298 1906 And
320 1886 365 1904 we
385 1885 438 1904 can

223 1915 311 1940 t'ancv
333 1912 463 1939 circular

225 1945 361 1975 motions
382 1947 448 1973 tliat

253 1982 357 2009 would
381 1982 415 2008 bc

200 2024 343 2045 contrarv
364 2017 388 2043 if
406 2016 475 2051 tlicy

221 2048 335 2079 existed
357 2051 387 2078 in
409 2052 458 2077 the

218 2088 290 2123 sky3
314 2088 365 2114 but
385 2094 464 2112 noue

254 2123 288 2149 os
306 2123 355 2148 the
376 2121 423 2147 six

214 2160 405 2184 movemcnts
427 2171 457 2174 —-

249 2192 422 2221 ascensiou,

210 2228 345 2259 descent,
366 2226 418 2252 &c.
442 2241 468 2244 —

233 2270 283 2288 arc
304 2265 448 2294 contrary

219 2302 249 2323 to
269 2298 317 2323 the
338 2296 469 2323 circular

244 2334 431 2358 movement.

233 2609 299 2635 One
320 2608 405 2641 tuing
426 2608 451 2634 is

217 2644 347 2673 certain:
370 2643 396 2669 in
420 2642 468 2669 llic

242 2679 296 2713 sky
316 2678 400 2704 there
421 2677 445 2703 is

213 2713 341 2747 nothing
357 2712 478 2739 violem.

916 225 1141 258 JOHANNIS
1168 224 1354 255 WYCLIF
1625 220 1714 248 CAP.
1737 220 1791 248 ΙΧ.

480 335 679 381 occidens,
733 333 788 369 ita
841 333 948 380 quod
991 344 1062 379 per
1106 332 1138 367 A
1178 340 1337 378 tempus
1382 329 1432 366 sit
1476 329 1515 365 in
1569 329 1792 366 meridiano

480 402 640 439 nostr03
675 404 746 439 ego
779 403 860 426 non
892 389 1008 426 video
1042 389 1140 437 quin
1173 397 1343 437 uterque
1377 387 1539 424 illorum
1573 388 1675 424 foret
1709 401 1792 424 mo-

481 460 563 495 tus;
597 450 665 486 sed
698 461 780 485 non
813 457 981 496 uterque
1020 448 1133 483 velox
1165 447 1226 483 vel
1266 447 1416 491 tarduS,
1463 445 1646 494 quamvis
1678 446 1793 481 valde

483 507 666 544 celeriter
699 505 993 542 describeretur
1018 504 1190 541 circulus
1214 504 1254 540 in
1276 505 1372 540 orbe
1397 503 1595 551 superiori
1619 511 1792 551 utroque

483 566 666 602 istorum.
702 566 833 600 Motus
865 572 1001 599 tamen
1034 562 1200 611 proprio
1250 570 1478 598 moveretur
1510 562 1569 597 sol
1602 560 1826 597 velociter-³

483 625 531 660 ab
565 631 700 659 austro
739 621 778 657 in
826 623 1005 667 boream,
1051 621 1111 656 vel
1146 628 1322 659 econtra.
1369 620 1461 656 Ideo
1501 619 1638 656 dicunt
1670 618 1794 666 aliqui

483 682 590 729 quod
623 692 703 716 non
737 688 794 716 est
826 678 1017 727 possibile
1049 680 1186 714 orbem
1221 676 1451 714 inferiorem
1478 676 1629 714 moveri
1654 685 1794 713 contra

484 738 732 786 superiorem
779 749 898 785 super
952 737 1113 773 eosdem
1168 736 1294 784 polos,
1349 735 1404 771 ita
1450 736 1557 784 quod
1607 734 1794 771 continue

484 804 645 832 maneat
668 795 774 831 idern
810 803 981 843 punctus
1014 794 1054 830 in
1088 795 1229 830 eodem
1263 793 1354 839 situ,
1378 802 1414 829 et
1439 802 1571 829 motus
1606 792 1795 829 continue

482 853 676 892 localiter.
718 853 818 889 Illud
851 861 987 889 tamen
1030 865 1111 888 non
1144 852 1274 900 placet
1308 850 1443 897 michi,
1479 863 1524 887 eo
1558 851 1665 899 quod
1699 859 1795 886 tunc
1816 863 1853 884 10

484 912 685 948 diceretur
718 911 777 947 sol
809 911 957 947 habere
991 919 1146 946 motum
1181 911 1229 946 ab
1263 918 1403 945 austro
1435 909 1476 945 in
1509 910 1688 953 boream,
1734 908 1796 943 vel

485 978 662 1016 econtra,
709 977 747 1005 et
786 981 869 1005 non
902 970 952 1004 ab
986 967 1194 1004 occidente
1228 967 1268 1003 in
1311 967 1455 1003 oriens.
1501 967 1669 1003 Videtur
1702 978 1794 1013 ergo

484 1029 591 1076 quod
616 1035 761 1072 motus,
787 1026 854 1075 qui
878 1034 936 1062 est
968 1026 1115 1074 passio,
1141 1025 1190 1061 sit
1222 1025 1333 1073 prior
1367 1037 1609 1073 quocunque
1642 1022 1795 1069 mobili,

485 1098 606 1134 quam
642 1094 774 1121 motus
818 1083 1041 1121 formaliter
1086 1083 1349 1129 successivus,
1394 1082 1461 1131 qui
1501 1092 1558 1119 est
1590 1082 1704 1118 velox
1735 1081 1797 1118 vel

484 1144 643 1188 tardus3
677 1143 771 1191 quia
805 1142 835 1179 si
869 1141 1023 1190 aliquid
1058 1150 1241 1178 movetur
1274 1141 1342 1177 illo
1379 1149 1503 1187 motu,
1527 1140 1658 1189 ipsum
1693 1139 1852 1178 limi-15

485 1211 591 1237 tatur
615 1210 652 1237 et
675 1200 826 1249 patitur
849 1213 890 1237 se
912 1199 1046 1236 taliter
1069 1198 1324 1236 denominari
1348 1211 1428 1247 quo
1452 1200 1501 1235 ad
1526 1197 1795 1247 quantitatem

485 1261 546 1296 vel
578 1259 835 1307 qualitatem;
870 1267 907 1295 et
940 1270 1020 1294 non
1052 1266 1229 1297 econtra.

546 1319 637 1353 Ideo
671 1329 752 1353 non
785 1325 842 1353 est
876 1316 1179 1352 concedendum
1205 1316 1313 1363 quod
1346 1314 1419 1350 iste
1453 1323 1599 1360 motus,
1624 1312 1692 1362 qui
1716 1313 1796 1349 iam

487 1385 543 1411 est
588 1376 714 1420 velox,
760 1374 833 1410 erit
878 1387 959 1410 non
991 1374 1103 1410 velox
1151 1385 1220 1421 per
1269 1372 1351 1409 eius
1396 1372 1684 1417 intensionem3
1737 1370 1797 1406 vel

487 1442 651 1470 econtra
685 1441 817 1469 motus
862 1445 942 1468 non
987 1432 1097 1467 velox
1144 1431 1216 1467 erit
1263 1432 1393 1477 velox3
1440 1430 1533 1478 quia
1565 1429 1630 1466 isti
1664 1437 1798 1464 motus
1816 1446 1857 1467 20

486 1501 577 1527 sunt
623 1491 872 1527 diversorum
918 1489 1137 1535 racionem,
1200 1502 1288 1525 cum
1335 1497 1463 1524 totum
1510 1500 1633 1536 genus
1680 1486 1798 1522 unius

486 1549 752 1597 presupponit
785 1557 914 1585 totum
950 1560 1073 1595 genus
1107 1546 1281 1583 alterius.
1317 1549 1365 1582 Et
1397 1545 1453 1582 ita
1485 1546 1642 1583 videtur
1676 1543 1798 1580 michi

488 1609 609 1657 quod,
643 1607 748 1643 sicut
782 1615 915 1642 motus
949 1605 1017 1653 qui
1052 1614 1110 1640 est
1144 1605 1253 1640 nisus
1287 1606 1335 1641 ab
1369 1603 1525 1640 oriente
1548 1603 1588 1639 in
1612 1602 1798 1639 occidens

489 1665 759 1702 contrariatur
803 1663 908 1700 nisui
956 1664 1005 1699 ab
1051 1663 1260 1699 occidente
1305 1662 1344 1698 in
1385 1662 1532 1708 oriens,
1578 1661 1633 1697 sic
1667 1669 1798 1696 motus

488 1723 734 1759 successivus
768 1724 817 1758 ab
857 1721 1012 1758 oriente
1046 1720 1085 1756 in
1118 1720 1305 1757 occidens
1355 1719 1625 1757 contrariatur
1671 1717 1854 1758 motui25

489 1780 714 1817 successivo
746 1779 926 1828 possibili
960 1778 1028 1827 qui
1062 1778 1157 1815 dicit
1191 1778 1412 1814 formaliter
1465 1776 1798 1825 adquisicionem.

490 1839 766 1887 Ymaginabile
806 1847 943 1874 tamen
983 1846 1040 1873 est
1086 1845 1218 1873 motus
1264 1836 1478 1872 circulares
1524 1847 1620 1878 esse,
1668 1833 1735 1882 qui
1768 1833 1800 1869 si

491 1905 654 1945 possent
698 1895 917 1932 successive
965 1895 1094 1931 inesse
1128 1895 1226 1939 celo,
1282 1902 1411 1930 essent
1465 1892 1669 1930 contrarii.
1723 1892 1800 1928 Sed

494 1955 593 1990 nulli
626 1967 691 1991 sex
725 1964 907 1990 motuum
944 1952 1130 1989 localium
1167 1961 1370 1988 rectorum
1418 1961 1475 1987 est
1510 1960 1641 1987 motus
1675 1949 1801 1986 circu-

491 2013 584 2049 laris
618 2012 862 2058 contrarius3
887 2020 929 2047 ut
962 2024 1043 2047 non
1077 2010 1259 2047 ascensui
1291 2011 1351 2046 vel
1375 2008 1637 2054 descensioni,
1672 2007 1801 2044 cuius·
1819 2017 1860 2049 30

493 2071 601 2106 modi
636 2079 727 2107 sunt
762 2079 894 2106 motus
928 2082 949 2105 a
982 2070 1103 2105 borea
1136 2068 1176 2104 in
1209 2077 1405 2115 austrum,
1439 2076 1477 2104 et
1511 2075 1695 2113 econtra3
1730 2077 1801 2101 nec

493 2128 618 2165 motui
652 2137 761 2164 recto
796 2141 816 2165 a
850 2129 988 2163 dextro
1021 2126 1061 2162 in
1093 2125 1299 2162 sinistrum
1332 2127 1393 2162 vel
1426 2134 1602 2170 econtra,
1636 2132 1679 2160 ut
1711 2131 1803 2159 sunt

494 2196 624 2222 motus
658 2188 706 2223 ab
751 2185 905 2222 oriente
963 2184 1004 2221 in
1037 2183 1241 2230 occidens,
1287 2193 1324 2220 et
1369 2192 1552 2230 econtra3
1598 2191 1641 2218 ut
1676 2180 1801 2217 motui

492 2253 602 2281 recto
635 2246 684 2280 ab
717 2252 808 2280 ante
842 2244 891 2280 ad
916 2251 1022 2279 retro
1056 2251 1093 2278 et
1123 2250 1299 2288 econtra,
1335 2250 1378 2278 ut
1401 2250 1533 2278 motus
1557 2254 1578 2277 a
1601 2238 1802 2288 principio

494 2302 638 2339 Cancri
688 2314 825 2339 versus
870 2301 1178 2349 Capricornum,
1232 2300 1292 2337 vel
1347 2308 1530 2346 econtra3
1597 2311 1642 2334 eo
1695 2298 1802 2346 quod
1821 2306 1859 2339 35

495 2360 661 2409 quilibet
694 2360 865 2396 istorum
902 2368 1084 2395 motuum
1121 2357 1366 2405 compatitur
1399 2370 1534 2394 secum
1568 2369 1639 2404 per
1672 2364 1802 2392 totum

496 2427 649 2455 motum
704 2418 962 2462 circularem3
1018 2425 1055 2452 et
1106 2415 1163 2451 sic
1208 2417 1255 2451 de
1310 2416 1484 2452 motibus
1537 2413 1802 2450 circularibus

495 2476 841 2524 compacientibus
875 2488 915 2511 se
949 2475 988 2511 in
1023 2475 1162 2509 eodem
1198 2474 1391 2520 subiecto,
1409 2475 1502 2509 dum
1538 2486 1619 2508 non
1654 2471 1803 2507 directe

497 2534 613 2570 fuerit
647 2546 781 2570 versus
812 2532 1063 2569 differencias
1097 2532 1317 2578 oppositas.

554 2591 710 2628 Sufficit
744 2604 839 2639 ergo
872 2590 1114 2639 philosopho
1148 2591 1257 2636 quod
1303 2590 1432 2626 celum
1472 2601 1543 2637 per
1589 2597 1719 2624 totum
1755 2586 1863 2637 sit40

497 2659 723 2697 exemptum
769 2651 818 2685 ab
859 2649 969 2685 omni
1018 2647 1234 2692 violencia3
1281 2661 1323 2684 ex
1369 2660 1447 2695 quo
1492 2645 1708 2682 verisimile
1748 2653 1805 2681 est

496 2709 601 2755 quod
637 2716 717 2743 tam
743 2707 851 2743 orbis
876 2706 1040 2743 inferior
1064 2717 1183 2752 quam
1211 2705 1319 2742 orbis
1352 2705 1536 2753 superior
1560 2703 1804 2740 describeret

495 2774 574 2801 tam
612 2764 793 2800 celeriter
826 2765 1021 2800 circulum
1057 2762 1157 2798 sicut
1193 2765 1327 2807 modo,
1362 2764 1561 2799 subducto
1609 2762 1803 2798 alterutro

496 2823 653 2858 illorum
690 2832 870 2858 motuum
923 2824 1014 2858 Ideo
1047 2833 1128 2856 non
1152 2831 1209 2858 est
1242 2823 1290 2858 de
1322 2821 1412 2865 illis,
1438 2821 1540 2856 sicu-t
1559 2828 1617 2856 est
1646 2819 1684 2855 in
1710 2831 1802 2855 casu

1734 2970 1742 2992 Ι
