2051 3327
209 237 298 266 CAP.
318 236 369 265 IX.
766 237 952 271 LOGICA.

209 345 375 383 servatis
414 345 497 382 eius
537 344 810 382 accidentibus
857 345 981 393 (quod
1026 352 1083 380 est
1128 342 1388 393 impossibile⁷
1433 351 1517 379 toto

209 405 342 441 colore
387 399 577 455 servato),
625 411 681 439 est
727 404 822 439 dare
866 403 986 438 situm
1019 414 1090 450 per
1122 414 1240 450 quem
1276 409 1333 437 est
1365 400 1517 437 anichi-

207 462 323 508 lacio‚
358 470 394 497 et
419 473 491 509 per
523 473 784 508 consequens,
817 460 885 496 ubi
918 462 951 495 A
984 460 1057 496 erit
1088 459 1273 496 ultimate
1313 458 1415 494 sicut
1460 467 1518 494 est

68 518 94 549 Β
117 517 194 550 ¹30u
208 521 303 555 dare
324 531 451 567 usque
475 520 524 554 ad
549 531 667 566 quem
685 518 805 553 situm
836 515 839 568 Ι
869 517 1120 566 pretenditur
1144 518 1255 553 color
1279 525 1317 553 et
1340 517 1518 552 defertur

175 577 392 613 §accidens
424 589 494 624 per
525 578 558 611 A
590 575 779 623 lapidem.
815 578 857 611 In
891 575 968 611 fine
1002 588 1097 623 ergo
1131 575 1204 611 erit
1236 586 1373 610 verum
1408 575 1517 622 quod

205 636 239 670 A
271 634 320 670 sit
353 636 396 681 B,
431 643 468 670 et
500 646 571 681 per
605 645 854 681 consequens
888 634 996 681 quod
1029 633 1102 669 fuit
1133 632 1188 669 ita
1222 633 1331 680 quod
1356 640 1414 668 est
1436 632 1512 669 hic.

207 692 248 728 Si
282 705 376 739 ergo
410 693 442 727 A
475 691 549 728 erit
573 693 623 727 ad
647 693 689 735 B,
724 699 918 738 punctum
944 690 1227 738 extrinsecum,
1260 699 1355 726 tunc
1379 698 1515 737 tanget

205 749 352 797 ipsum,
388 759 424 786 et
448 749 521 785 erit
548 748 603 785 ita
636 750 745 796 quod
778 757 835 784 est
869 750 919 784 ad
948 748 1072 786 illum.
1109 750 1156 783 Et
1179 749 1299 784 habet
1323 748 1514 793 colorem,

205 807 237 842 si
277 809 324 843 de
363 807 585 855 longinqua
627 806 853 842 extensione
892 806 1087 853 temporis
1127 807 1247 842 habet
1280 806 1514 851 concedere,

152 864 369 911 ioscilicet,
415 865 447 900 si
492 863 645 912 aliquid
690 863 920 912 aliqualiter
963 876 1004 899 se
1050 863 1189 899 habuit
1232 864 1291 900 vel
1337 863 1513 909 habebit,

204 931 299 959 tunc
346 922 377 959 si
416 934 456 958 se
491 923 624 961 habet.
669 923 759 958 Non
794 921 900 957 enim
943 930 999 957 θεῖ
1033 922 1143 958 color
1175 921 1215 957 in
1250 921 1326 957 isto
1359 920 1515 968 zophis-

205 989 329 1017 mate:
370 981 422 1016 ad
453 981 565 1015 istum
599 980 805 1015 terminum
839 979 871 1014 A
904 986 959 1015 est
991 988 1028 1014 et
1060 980 1092 1014 A
1125 992 1197 1015 non
1230 987 1285 1015 est
1316 979 1368 1014 ad
1399 979 1513 1014 istum

203 1039 423 1074 terminum.
471 1037 667 1087 Infinitum
704 1037 966 1087 propinquum
1007 1044 1062 1073 est
1100 1037 1132 1072 A
1166 1037 1251 1072 lzinc
1284 1037 1447 1073 termino
1480 1044 1515 1072 et

201 1096 234 1131 A
273 1109 345 1132 non
384 1103 440 1132 est
477 1095 664 1145 infinitum
699 1096 960 1145 propinqumn
996 1095 1081 1130 hinc
1112 1095 1298 1139 termino;
1330 1094 1425 1142 quia
1457 1103 1514 1131 est

150 1159 185 1190 15
203 1155 298 1189 dare
331 1162 461 1189 toturn
495 1154 633 1197 situm,
666 1166 736 1201 per
769 1165 888 1201 quem
924 1154 1124 1200 adequate
1156 1165 1364 1200 nunquam
1391 1161 1448 1188 est
1465 1154 1512 1198 A,

202 1223 319 1258 quem
354 1211 475 1247 situm
511 1220 667 1247 motum
703 1220 760 1247 est
793 1223 876 1246 esse
908 1210 1173 1246 immediatum
1207 1209 1380 1246 termino
1404 1212 1511 1246 dato.

203 1268 243 1304 Si
276 1282 401 1317 usque
434 1270 484 1305 ad
518 1269 639 1305 istum
673 1268 891 1305 terminum
926 1270 959 1304 A
992 1268 1229 1313 movebitur,
1265 1277 1301 1303 et
1334 1280 1408 1315 pro
1444 1268 1512 1304 illo

202 1326 372 1363 instanti
406 1340 477 1375 pro
517 1340 596 1375 quo
637 1329 667 1362 A
710 1326 829 1362 fuerit
868 1327 909 1362 in
953 1325 1126 1362 termino
1171 1325 1366 1362 inclusivo
1406 1325 1511 1361 illius

202 1384 312 1433 situs,
359 1385 433 1421 erit
471 1386 504 1421 A
549 1386 598 1421 ad
642 1385 753 1420 illum
807 1383 1026 1420 terminum
1073 1393 1111 1420 et
1154 1396 1274 1431 super
1324 1383 1510 1420 ultimam

145 1455 187 1476 20
202 1451 356 1490 partem
390 1442 787 1491 proporcionabilem
820 1442 926 1478 illius
965 1442 1076 1478 situs.

259 1502 340 1537 Nec
378 1513 519 1537 vereor
557 1502 653 1536 dare
692 1500 877 1536 ultimam
917 1509 1070 1547 partem
1112 1499 1510 1547 proporcionabilem

201 1557 370 1594 alicuius
394 1558 595 1603 continui3
629 1558 724 1606 quia
756 1570 778 1594 a
801 1558 958 1606 signato
980 1559 1025 1603 A,
1061 1570 1232 1605 corpore
1255 1557 1511 1606 columpna'ri

201 1616 394 1663 possibili,
417 1616 630 1653 uniformis
653 1615 857 1664 grossiciei
872 1624 914 1652 ut
928 1615 1103 1663 virgulto
1122 1615 1510 1663 correspondentali,

202 1673 415 1710 dividendo
460 1674 558 1710 illud
602 1674 643 1710 in
689 1687 779 1710 suas
824 1683 958 1721 partes
1003 1673 1379 1721 proporcionabiles
1419 1686 1510 1721 geo-

145 1735 184 1766 25
202 1731 390 1768 metricas
425 1732 612 1779 minores,
646 1744 781 1768 versus
805 1734 833 1768 B
859 1732 1139 1768 extrinsecum.
1175 1732 1227 1768 Ut
1260 1731 1376 1780 capio
1410 1733 1510 1768 duas

200 1788 326 1825 lineas
375 1789 577 1837 girativas,
638 1789 875 1838 incipientes
919 1789 959 1826 in
1008 1789 1193 1825 extremis
1238 1789 1434 1837 dyametri
1481 1790 1510 1825 C

200 1846 352 1895 relique
375 1847 493 1894 basis,
517 1856 554 1883 et
583 1847 867 1895 circumgirent
891 1847 1113 1895 quamlibet
1135 1847 1302 1883 istarum
1327 1847 1507 1895 parcium

201 1905 615 1953 proporcionabilium
650 1918 787 1942 versus
811 1907 840 1941 B
864 1914 1086 1941 extremum
1120 1905 1310 1942 continue
1343 1905 1509 1953 propius

198 1962 274 1998 sibi
307 1962 415 2011 ipsis,
457 1976 582 2011 usque
615 1964 665 1999 ad
699 1966 727 2000 B
762 1963 904 2009 basim,
945 1972 982 1999 et
1015 1963 1129 2011 signo
1162 1963 1354 1999 corticem
1388 1963 1509 1999 inter-

142 2025 183 2057 30
199 2029 355 2068 ceptam
390 2021 493 2057 inter
526 2022 613 2057 illas
646 2022 747 2058 duas
779 2021 906 2057 lineas
939 2033 1010 2069 per
1043 2023 1095 2058 D:
1130 2030 1224 2057 tunc
1257 2029 1366 2069 patet
1399 2022 1507 2069 quod

198 2079 293 2114 deus
322 2087 455 2126 potest
484 2092 745 2127 corrumpere
778 2091 897 2116 omne
931 2092 1076 2126 corpus
1109 2078 1150 2114 in
1182 2079 1259 2115 ista
1292 2079 1509 2126 columpna

198 2145 329 2183 preter
351 2138 383 2172 D
406 2138 467 2173 vel
490 2146 646 2186 partem
672 2137 768 2175 eius.
803 2139 890 2173 Stat
915 2137 1019 2173 enim
1043 2138 1154 2185 quod
1178 2139 1210 2173 D
1235 2136 1284 2173 sit
1316 2150 1506 2184 magnum

198 2206 343 2242 corpus
387 2204 431 2231 ut
475 2199 523 2244 4³
556 2195 616 2231 vel
661 2199 704 2243 5²¹
736 2195 868 2231 tocius
910 2196 956 2231 A.
1006 2196 1099 2231 ldeo
1140 2207 1258 2231 nemo
1292 2194 1359 2242 qui
1394 2194 1509 2242 ponit

198 2252 316 2288 deum
365 2265 483 2300 posse
522 2262 581 2289 tot
620 2253 823 2289 mirabilia
861 2253 992 2289 facere
1025 2252 1186 2300 negabit
1225 2252 1356 2300 ipsum
1390 2265 1506 2300 posse

141 2312 180 2344 35
197 2322 384 2358 separare
428 2313 459 2346 D
495 2319 532 2346 et
569 2323 720 2358 ponere
753 2323 823 2358 per
856 2322 915 2356 se3
961 2323 1041 2359 quo
1074 2311 1193 2355 facto,
1236 2310 1362 2346 eciam
1397 2323 1506 2358 pono

197 2369 303 2415 quod
328 2370 358 2403 E
390 2368 523 2404 veniat
546 2381 590 2404 ex
613 2369 793 2412 adverso,
827 2369 1080 2404 condensans
1103 2368 1163 2405 vel
1186 2368 1350 2404 flectens
1373 2377 1506 2416 partes

197 2425 428 2472 graciliores
452 2428 484 2462 D
509 2439 643 2463 versus
677 2435 897 2462 extremum
930 2439 1045 2462 suum
1080 2425 1217 2462 lacius.
1250 2427 1365 2462 Tunc
1398 2435 1507 2473 patet

197 2484 305 2531 quod
349 2493 407 2519 est
451 2485 546 2520 dare
591 2483 744 2520 instans
789 2484 829 2519 in
873 2496 952 2531 quo
1001 2485 1031 2520 C
1075 2483 1203 2531 tangit
1248 2485 1294 2530 D,
1340 2483 1381 2519 in
1426 2496 1505 2531 quo

196 2549 356 2588 oportet
389 2543 497 2589 quod
529 2551 665 2589 tanget
699 2551 919 2578 extremum
960 2541 1109 2589 gracile
1148 2541 1254 2577 illius
1294 2543 1326 2576 D
1366 2550 1403 2577 et
1435 2554 1506 2589 per

137 2611 181 2641 40
197 2611 444 2647 consequens
463 2608 520 2635 est
544 2601 639 2635 dare
664 2599 935 2635 communiter
959 2609 1318 2647 quantumcunque
1341 2600 1503 2646 longam

195 2657 255 2692 vel
289 2658 447 2693 brevem
487 2666 641 2705 partem
682 2657 991 2693 determinatam
1034 2658 1084 2693 ad
1125 2656 1225 2692 illud
1266 2666 1502 2695 extremum.

265 2825 293 2851 6.
315 2825 343 2851 h'
365 2825 396 2851 B.
470 2825 496 2851 8.
514 2826 647 2852 calorem
665 2825 697 2851 Β.
773 2832 800 2859 9.
817 2811 921 2859 longi}
937 2825 973 2852 de
988 2825 1020 2851 Β.
1094 2824 1137 2851 23.
1160 2826 1223 2860 v'g0
1250 2825 1290 2859 ss;
1311 2826 1349 2853 ib.
1367 2826 1454 2852 cornli
1470 2825 1503 2853 Β.

194 2857 235 2886 35.
257 2867 272 2885 c
289 2867 347 2893 pro
368 2860 463 2886 eciam
485 2860 516 2886 Β.

1751 239 1799 276 91
