2051 3327
287 774 435 800 turim-ent

301 816 420 834 scnses:

229 844 263 877 (1)
287 841 365 878 (Jfa
383 843 488 877 point:

275 879 371 904 either
390 877 439 904 the

274 913 439 939 minimum

240 947 425 982 perceptible
448 948 486 982 by

235 990 292 1009 our
313 990 429 1014 senses,
452 990 486 1008 or

240 1018 289 1043 the
311 1017 481 1052 absolutely

235 1051 411 1078 iudix‘isible
432 1051 488 1077 end

282 1086 316 1113 of
333 1094 349 1112 a
369 1086 439 1112 line.

240 1122 278 1153 (2)
300 1119 380 1157 Osa
402 1120 479 1147 line:

249 1156 349 1191 length
371 1155 468 1182 either

294 1190 424 1217 without

224 1225 356 1252 sensible
372 1224 497 1251 breadth

253 1267 288 1286 or
308 1260 475 1293 thickness,

231 1302 265 1321 or
286 1294 415 1321 without
435 1303 493 1330 any

314 1334 342 1356 at
363 1329 411 1356 all.

288 1363 324 1398 (3)
348 1363 428 1399 Ofa

290 1399 435 1434 surjface:

268 1434 370 1468 length
393 1433 452 1460 and

296 1468 423 1496 breadth

300 1504 432 1531 without

298 1538 430 1565 sensible

252 1574 420 1607 thickness,
442 1581 477 1600 01·

276 1609 447 1643 absolutely

293 1643 423 1670 without

280 1678 447 1705 thickness.

281 1715 321 1746 (4)
345 1711 394 1749 Of
407 1720 447 1739 an

302 1749 419 1783 angle:

277 1783 373 1810 either
393 1783 442 1809 the

235 1818 360 1845 relation
382 1818 416 1844 of
432 1822 494 1843 two

246 1853 363 1880 natural
386 1852 475 1884 lines,

251 1888 386 1921 ineetiug
406 1887 437 1914 in
459 1895 474 1913 a

243 1923 362 1949 natural
387 1922 483 1955 point,

275 1965 310 1984 01*
331 1957 365 1984 Of
382 1961 443 1983 two

251 1991 477 2018 mathematicul

247 2027 323 2053 lines
345 2026 479 2060 snecting

274 2062 302 2088 iu
325 2069 340 2087 a
362 2061 448 2096 point

259 2097 293 2123 os
311 2096 359 2122 the
381 2104 465 2123 same

318 2136 392 2157 soth

227 2165 294 2192 The
316 2165 379 2192 tirst
400 2173 489 2192 sense

260 2209 358 2227 seems
379 2204 408 2226 to
431 2200 465 2226 bc

250 2234 410 2270 employed
434 2235 471 2270 by

302 2269 421 2296 Euclid.

277 2304 338 2330 Not
359 2312 449 2339 every

255 2338 465 2372 ‘indivisible',

287 2374 358 2405 onlv
379 2374 443 2400 that

239 2405 438 2435 *indivis-ibt&
459 2408 493 2434 ot*

232 2443 331 2469 which
354 2451 369 2469 a
390 2443 449 2469 line
470 2442 495 2469 is

279 2478 369 2515 made
393 2486 442 2512 up,

278 2521 302 2538 is
324 2520 338 2538 a
361 2517 457 2547 pomt-

244 2546 321 2573 This
343 2546 368 2573 is
390 2547 490 2573 rather

249 2590 264 2607 a
286 2582 474 2615 description

304 2616 374 2642 than
398 2624 413 2642 a

279 2650 453 2681 delinitum:

957 268 1173 298 IOHANNIS
1201 269 1384 299 WYCLJF
1661 266 1749 293 CAP.
1773 267 1822 294 lX.

514 375 641 410 cando
666 374 705 409 in
731 373 912 413 materia,
944 375 1037 408 dum
1063 382 1226 408 sumunt
1256 373 1329 409 sibi
1354 374 1511 410 notorie
1536 373 1825 421 impossibilia?

514 432 552 468 Si
588 440 720 467 autem
758 431 893 466 dicant
928 432 1033 478 quod
1073 430 1343 466 necessarium
1387 441 1444 467 est
1477 444 1561 467 esse
1596 432 1825 469 huiusmodi

512 490 723 535 elementa,
749 499 789 524 ut
810 497 970 536 oportet
1001 488 1265 536 geometriam
1289 501 1531 537 supponere,
1557 490 1687 526 coacti
1711 500 1826 527 erunt

512 548 730 583 concedere
765 549 873 594 quod
897 546 993 582 talia
1025 559 1107 582 non
1130 555 1293 594 possent
1317 547 1600 584 mathematice
1623 547 1824 594 sustineri,

513 604 586 640 nisi
635 606 822 652 ponendo
862 617 933 640 sua
979 604 1159 640 subiecta
1197 603 1470 650 indivisibilia,
1517 614 1554 641 et
1587 618 1656 653 per
1689 608 1858 642 conse-5

513 675 638 710 quens
685 674 930 710 componere
975 662 1226 698 substancias
1272 662 1479 699 sensibiles
1524 676 1695 711 quarum
1736 673 1827 700 sunt

513 720 771 768 principium.

571 777 706 814 Primo
745 791 840 826 ergo
881 780 1101 814 notandum
1136 779 1243 826 quod
1275 780 1593 827 unumquodque
1638 783 1700 827 40¹*
1740 792 1827 827 pre-

513 836 712 872 dictorum
747 845 879 884 potest
913 835 1080 883 intelligi
1115 836 1318 884 equivoce.
1355 838 1457 873 Nam
1492 847 1663 884 punctus
1696 846 1828 885 potest

513 893 740 941 significare
784 895 844 930 vel
894 893 1104 929 minimum
1152 893 1338 930 sensibile
1380 897 1438 931 2¹¹¹
1473 898 1515 943 3S
1548 895 1885 931 demensionesm

514 951 777 988 terminatum
821 951 1061 988 intrinsecus
1095 951 1331 1000 quantitatis
1365 952 1554 988 continue
1588 965 1827 1001 permanen-

515 1009 576 1055 tis,
624 1011 684 1046 vel
729 1009 1031 1046 terminativum
1077 1010 1180 1046 linee
1219 1009 1433 1046 intrinsece
1472 1010 1708 1058 simpliciter
1743 1011 1827 1047 sine

514 1076 641 1115 parte.
676 1069 724 1103 Et
757 1068 812 1104 sic
856 1068 961 1104 linea
1007 1076 1138 1115 potest
1184 1067 1411 1115 significare
1454 1069 1515 1104 vel
1560 1068 1825 1116 quantitatem

516 1125 765 1172 continuam,
800 1134 1117 1173 permanentem,
1148 1125 1391 1162 sensibiliter
1423 1127 1597 1174 longam,
1622 1126 1707 1163 sine
1740 1139 1827 1163 sen—

514 1183 618 1219 sibili
652 1183 865 1220 latitudine
898 1185 956 1220 vel
990 1183 1264 1231 profunditate
1305 1184 1498 1229 eiusdem,
1532 1185 1592 1220 vel
1628 1188 1670 1221 20
1700 1197 1825 1232 quan·
1847 1184 1882 1216 15

514 1241 668 1277 titatem
733 1251 1036 1289 permanentem
1101 1241 1184 1277 sine
1213 1238 1218 1292 Ι
1247 1241 1491 1278 latitudinali
1554 1242 1827 1289 profunditate
1850 1244 1874 1274 B
1896 1241 1971 1283 114h

515 1299 763 1347 simpliciter.
787 1300 992 1348 Similiter,
1016 1299 1248 1348 superficies
1281 1308 1411 1347 potest
1442 1300 1668 1347 significare
1701 1312 1826 1348 quan-

516 1357 671 1393 titatem
712 1358 943 1394 huiusmodi
983 1359 1144 1405 longam
1188 1366 1223 1394 et
1263 1358 1385 1394 latam
1439 1357 1522 1394 sine
1555 1357 1827 1406 profunditate

516 1415 712 1462 sensibili3
746 1417 806 1452 vel
846 1416 1114 1464 quantitatem
1155 1415 1387 1452 huiusmodi
1427 1415 1512 1452 sine
1552 1416 1827 1464 profunditate

516 1473 761 1521 simpliciter.
785 1476 833 1510 Et
849 1487 910 1510 res
935 1473 1054 1522 primi
1080 1473 1189 1510 modi
1213 1483 1408 1510 vocantur
1430 1475 1537 1522 apud
1561 1474 1827 1522 philosophos
1844 1484 1886 1505 20

516 1540 678 1579 puncta,
712 1531 829 1577 linee,
863 1533 922 1568 vel
955 1531 1189 1580 superficies
1222 1532 1438 1569 naturales.
1465 1534 1513 1567 Et
1546 1544 1608 1568 res
1643 1527 1677 1568 2i
1718 1532 1826 1569 modi

516 1598 714 1626 vocantur
745 1599 897 1638 puncta
931 1590 1034 1626 linee
1067 1590 1128 1625 vel
1161 1589 1394 1638 superficies
1434 1590 1732 1628 mathematice.
1779 1592 1828 1626 Et

517 1647 786 1684 diversimode
831 1648 1054 1684 sencientes
1098 1656 1327 1684 statuerunt
1366 1647 1441 1684 sibi
1486 1648 1583 1684 talia
1626 1647 1827 1684 naturalia

516 1705 737 1753 disparium
793 1706 1086 1754 quantitatum3
1151 1707 1219 1742 sed
1263 1705 1400 1742 omnia
1446 1705 1690 1756 huiusmodi,
1742 1706 1827 1742 solo

516 1763 719 1800 intellectu
744 1764 966 1811 noscibilia,
991 1773 1083 1800 sunt
1114 1764 1245 1812 posita
1278 1764 1318 1800 in
1352 1776 1424 1800 suo
1445 1763 1618 1801 termino
1640 1763 1827 1800 naturali.
1845 1762 1884 1794 25

515 1822 697 1869 Angulus
723 1822 849 1858 eciam
874 1831 1005 1871 potest
1038 1822 1265 1870 significare
1299 1821 1547 1870 posicionem
1583 1822 1707 1870 figure
1740 1834 1828 1858 sen-

516 1879 642 1916 sibilis
678 1884 734 1917 2m
772 1892 1013 1917 concursum
1048 1880 1247 1916 linearum
1287 1880 1513 1916 lateralium
1549 1882 1599 1916 ad
1632 1889 1826 1928 punctum

518 1937 600 1973 eius
646 1938 841 1985 signabile
885 1938 1130 1984 naturalem,
1164 1939 1225 1974 vel
1257 1937 1507 1986 posicionem
1553 1937 1829 1985 significanter

517 1995 756 2044 simpliciter
791 2000 845 2033 ἐἴη
882 2009 1119 2033 concursum
1153 1996 1352 2033 linearum
1376 1995 1604 2033 lateralium
1629 1997 1679 2032 ad
1703 2008 1827 2044 punc-

517 2062 601 2089 tum
637 2053 719 2090 eius
754 2054 1085 2091 mathematicum
1110 2054 1411 2091 terminantem.
1844 2053 1886 2084 30

575 2114 622 2147 Et
645 2112 718 2148 iste
741 2112 898 2148 videtur
922 2125 1005 2149 esse
1029 2125 1167 2148 sensus
1191 2112 1368 2149 Euclidis
1399 2120 1435 2148 et
1468 2112 1639 2148 aliorum
1677 2112 1828 2147 mathe-

519 2169 758 2206 maticorum
794 2170 1054 2219 loquencium
1090 2172 1137 2206 de
1170 2170 1253 2206 istis
1287 2174 1352 2218 401'
1382 2169 1512 2206 modis
1545 2182 1693 2206 rerum.
1737 2171 1828 2205 Non

518 2227 624 2275 enim
672 2237 803 2276 potest
851 2228 1020 2276 intelligi
1062 2241 1182 2264 omne
1216 2227 1457 2265 indivisibile
1502 2240 1585 2264 esse
1618 2236 1827 2275 punctum,

517 2286 610 2333 quia
644 2295 738 2323 tunc
764 2289 867 2322 Deus
902 2296 937 2322 et
971 2286 1146 2334 quelibet
1179 2286 1309 2322 unitas
1343 2298 1388 2322 ac
1422 2285 1663 2333 principium
1699 2284 1828 2320 cuius-

518 2356 675 2392 cunque
719 2345 873 2392 generis
919 2353 1020 2380 esset
1072 2352 1257 2392 punctus.
1304 2345 1449 2380 Ymmo
1497 2352 1588 2379 sunt
1632 2340 1883 2391 quotlibet-³5

517 2401 775 2438 indivisibilia
809 2403 969 2452 situata,
1010 2415 1182 2450 quorum
1217 2402 1370 2438 nullum
1405 2401 1553 2449 poterit
1587 2413 1669 2437 esse
1703 2414 1827 2448 punc-

518 2469 591 2495 tus.
618 2461 711 2496 Ideo
747 2460 887 2496 melius
912 2470 947 2497 et
973 2460 1129 2508 planius
1154 2459 1300 2496 dicitur
1323 2461 1430 2507 quod
1455 2468 1627 2507 punctus
1651 2458 1827 2506 descrip-

518 2518 595 2554 tive
629 2527 687 2554 est
722 2518 964 2555 indivisibile
999 2517 1308 2566 compositivum
1345 2517 1460 2555 linee.
1508 2519 1556 2553 Et
1589 2516 1620 2552 si
1653 2515 1828 2553 obicitur

518 2577 625 2623 quod
659 2576 774 2622 linea,
809 2589 898 2613 cum
933 2576 983 2612 sit
1016 2585 1165 2624 puncto
1198 2575 1397 2623 posterior
1431 2584 1467 2611 et
1501 2573 1826 2622 compositivum,

518 2646 606 2669 cum
642 2634 692 2670 sit
725 2634 858 2681 passio
891 2635 951 2670 vel
984 2633 1170 2670 accidens
1204 2643 1368 2682 puncto,
1409 2646 1489 2670 non
1529 2633 1645 2668 debet
1684 2632 1826 2668 cadere
1841 2638 1885 2669 40

518 2691 557 2726 in
592 2691 675 2727 eius
710 2692 974 2728 diffinicione:
1011 2691 1158 2728 dicitur
1191 2693 1298 2739 quod
1323 2699 1506 2739 punctus,
1532 2703 1621 2726 cum
1646 2690 1695 2726 sit
1718 2698 1827 2726 extra

517 2761 654 2795 genus,
680 2749 850 2786 describi
885 2759 1030 2797 potest,
1055 2751 1122 2785 sed
1158 2763 1239 2786 non
1274 2748 1436 2797 proprie
1470 2747 1630 2784 difiniri.
1666 2749 1747 2783 Nec
1771 2756 1827 2783 est

517 2806 800 2843 inconveniens
846 2807 885 2843 in
931 2807 1000 2844 tali
1053 2807 1330 2855 descripcione
1383 2806 1478 2854 poni
1524 2805 1826 2854 quodammodo

516 2865 727 2910 posterius,
774 2867 1062 2901 Verumtamen
1110 2874 1218 2913 patet
1252 2864 1381 2912 logico
1417 2865 1621 2912 quomodo
1655 2871 1826 2910 punctus
