2051 3327
216 245 267 293 36

261 366 309 392 for
328 364 358 391 in
381 373 440 390 onc

237 408 336 433 sense,
359 400 463 425 halves

273 438 354 461 must
375 438 430 460 not

226 468 413 504 necessarily
436 468 470 494 be

300 503 401 538 cquah

266 538 385 572 though
406 537 435 564 in

243 572 372 600 another
392 572 461 607 they

300 612 391 634 must.

277 1058 426 1085 Aristolle

216 1101 327 1128 proves
348 1092 478 1127 nothing

249 1131 396 1163 contrary
416 1131 447 1154 to

311 1162 382 1189 this.

285 1196 412 1224 Neither

233 1231 471 1267 geometricians

250 1275 306 1294 nor
326 1266 447 1293 natural

245 1301 463 1336 philosophers

228 1337 304 1363 have
324 1336 472 1371 anything

223 1376 253 1398 to
275 1371 314 1398 do
334 1371 415 1405 here,
437 1370 484 1397 foi·

232 1406 303 1437 thev
322 1405 466 1433 consider

272 1437 376 1475 things
396 1448 429 1467 as

245 1475 410 1510 belonging
429 1479 459 1501 to

224 1510 403 1546 cxperience
423 1509 482 1536 and

302 1552 401 1572 sense.

223 1580 302 1607 Now
323 1580 373 1606 the
394 1579 481 1614 point

225 1615 250 1642 is
271 1619 324 1641 not
345 1614 488 1648 sensible,

281 1657 338 1676 nor
358 1657 431 1675 even

251 1684 451 1718 imaginable;

243 1719 265 1746 it
288 1719 413 1753 belongs
432 1723 463 1745 to

244 1754 293 1781 the
315 1753 462 1788 province

338 1788 373 1816 of

244 1822 466 1858 metaphysics.

230 1869 278 1896 No
299 1869 430 1896 number
450 1869 484 1895 ot'

237 1904 420 1931 substances
440 1911 476 1930 or

238 1939 342 1974 points
363 1946 419 1965 can
441 1938 475 1964 be

245 1973 378 2007 infinite3
401 1972 469 2000 God

256 2009 344 2035 alone
364 2008 390 2035 is
411 2015 456 2034 so.

256 2043 325 2070 God
348 2043 457 2069 knows

266 2078 336 2104 how
357 2085 448 2112 many

255 2113 358 2148 points
378 2120 416 2147 go
435 2116 465 2139 to

264 2148 353 2175 make
373 2155 413 2182 up
434 2155 449 2173 a

238 2190 348 2217 square
368 2190 403 2208 or
423 2189 481 2216 any

256 2217 345 2244 other
366 2216 460 2251 figure

255 2252 319 2279 that
339 2259 394 2278 can
417 2251 452 2277 be

250 2285 406 2321 perceived
430 2286 467 2321 by

263 2322 311 2348 the
333 2328 448 2348 senses.

307 2495 332 2521 lt·
351 2502 409 2520 one

252 2529 323 2562 line,
345 2537 372 2555 v.
394 2536 421 2562 g.
444 2528 468 2554 is

239 2564 327 2590 twice
348 2571 380 2589 as
401 2563 472 2596 long

239 2607 271 2625 as
292 2598 431 2630 another,
452 2598 473 2624 it

236 2632 375 2659 contains
395 2631 485 2658 twice

290 2675 323 2693 as
337 2674 434 2705 *many

294 2705 413 2736 points:

235 2737 288 2763 but
309 2744 354 2762 we
373 2740 484 2762 cannot

242 2772 331 2797 know
353 2770 470 2805 exactly

938 247 1162 279 „IOHANNIS
1188 247 1374 279 WYCLIF
1650 243 1739 271 CAP.
1760 243 1811 271 IX.

504 354 738 402 imparibus,
773 355 891 389 habet
926 352 1178 398 medietates3
1213 352 1304 401 quia
1338 352 1438 388 sicut
1474 352 1649 389 medium
1684 353 1812 400 dupli-

505 413 602 449 citer
635 412 795 457 dicitur,
852 411 913 447 vel
961 423 1031 458 per
1063 410 1378 457 abnegacionem
1425 419 1707 456 extremorum,
1752 411 1813 447 vel

504 482 574 518 per
607 482 706 517 eque
731 468 968 505 distanciam
1005 470 1053 504 ab
1087 467 1286 513 extremis,
1322 467 1377 504 sic
1401 477 1458 504 est
1491 469 1585 505 dare
1609 468 1809 516 duplicem

506 528 785 564 medietatem:
820 526 985 575 scilicet,
1033 526 1303 572 medietatem,
1339 538 1416 574 que
1449 535 1506 562 est
1540 538 1630 574 pars
1663 526 1813 574 simpli-

503 586 601 623 citer
633 585 835 632 subdupla
868 585 919 620 ad
952 583 1250 620 indivisibiliter
1283 584 1371 631 plus
1393 585 1454 620 vel
1479 584 1609 620 minus
1632 596 1704 620 suo
1727 592 1813 621 tota

507 645 561 689 (et
594 643 727 679 taliter
759 641 938 690 loquitur
967 641 1244 678 arithmeticus
1278 643 1325 677 de
1361 642 1576 678 medietate
1611 641 1753 678 maiori
1777 651 1814 678 et

505 700 719 737 medietate
744 699 888 736 minori
904 699 1060 736 numeri
1085 699 1278 747 imparis).
1320 701 1368 735 Et
1393 703 1438 736 20
1464 701 1599 745 modo,
1633 700 1701 736 sed
1733 712 1814 735 non

504 758 650 807 primo,
698 759 819 794 habet
863 757 995 794 omnis
1041 757 1244 805 quantitas
1291 757 1540 804 medietates,
1580 757 1604 795 i.
1640 770 1672 794 e.
1716 758 1814 794 duas

504 825 637 864 partes
682 814 967 864 quantitativas
1012 815 1416 861 incommunicantes,
1463 828 1634 864 quarum
1674 823 1814 852 neutra

503 873 799 910 indivisibiliter
832 873 985 910 excedit
1018 873 1215 921 reliquam
1248 882 1379 909 totum
1405 873 1601 921 equaliter
1624 872 1815 909 constitu-

503 941 627 977 entes,
667 931 759 969 licet
803 931 1002 968 ternarius
1043 940 1079 967 et
1117 931 1247 967 omnis
1287 931 1490 979 quantitas
1529 931 1675 968 habeat
1717 931 1815 969 duas

505 990 738 1026 medietates
772 989 933 1037 equales
967 991 1017 1026 ad
1049 989 1172 1025 alium
1202 1001 1379 1025 sensum.

560 1050 641 1084 Nec
674 1049 924 1084 demonstrat
956 1047 1191 1083 Aristoteles
1224 1046 1469 1095 oppositum,
1510 1047 1612 1083 sicut
1644 1058 1718 1083 nec
1751 1047 1816 1082 de-

505 1114 714 1152 monstrat,
749 1105 780 1142 si
814 1105 977 1154 aliquod
1012 1105 1061 1141 sit
1095 1105 1261 1151 instans,
1308 1104 1439 1153 ipsum
1482 1114 1538 1141 est
1570 1103 1813 1153 principium

503 1164 620 1200 unius
653 1163 847 1211 temporis
877 1159 881 1215 1
911 1172 948 1199 et
982 1162 1070 1199 finis
1106 1163 1292 1207 alterius;
1328 1175 1418 1199 cum
1453 1162 1629 1210 primum
1664 1162 1816 1198 instans

504 1234 585 1258 non
619 1222 811 1269 precessit
844 1221 996 1257 instans
1029 1222 1089 1257 vel
1121 1229 1293 1270 tempus,
1326 1222 1394 1257 sed
1427 1220 1534 1268 capit
1567 1220 1664 1257 alias
1697 1219 1818 1268 signi-

505 1279 720 1316 ficaciones
766 1292 808 1316 ex
854 1278 1017 1315 famosis
1066 1278 1196 1315 modis
1240 1278 1432 1326 loquendi
1480 1278 1815 1326 philosophorum

505 1337 766 1384 naturalium,
807 1350 980 1385 quorum
1020 1349 1100 1373 non
1142 1336 1308 1372 interest
1348 1345 1523 1373 tractare
1556 1337 1604 1372 de
1636 1335 1817 1384 partibus

504 1395 789 1444 punctualibus
812 1395 852 1431 in
867 1394 1124 1443 philosophia
1147 1394 1335 1444 naturali,
1351 1394 1392 1431 in
1414 1407 1493 1442 qua
1517 1395 1817 1430 demonstratur

505 1466 626 1490 causa
658 1465 728 1501 per
762 1452 939 1497 effectus,
974 1452 1326 1489 demonstracione
1357 1453 1444 1502 quia
1479 1460 1546 1498 est,
1572 1452 1684 1488 cuius
1709 1451 1817 1500 prin-

505 1511 654 1560 cipium
689 1520 747 1547 est
781 1511 1031 1558 experiencia
1064 1511 1123 1547 vel
1161 1522 1313 1546 sensus.
1355 1512 1529 1546 Punctus
1569 1518 1703 1546 autem
1736 1522 1818 1546 non

505 1578 562 1606 est
594 1568 794 1606 sensibilis
826 1569 886 1605 vel
918 1568 1222 1617 ymaginabilis;
1267 1568 1358 1604 ideo
1390 1576 1586 1604 tractatus
1620 1567 1704 1603 eius
1736 1580 1817 1604 non

505 1627 715 1676 pertinerit
747 1626 974 1674 specialiter
1007 1635 1223 1674 geometre,
1265 1626 1333 1674 qui
1366 1627 1495 1662 solum
1531 1627 1579 1662 de
1611 1625 1818 1674 ymagina-

506 1685 652 1722 bilibus
704 1693 923 1733 pertractat
957 1684 1121 1730 directe,
1186 1684 1288 1721 sicut
1339 1696 1413 1720 nec
1464 1683 1637 1720 naturali
1689 1683 1818 1731 philo-

507 1744 649 1792 sopho,
705 1743 782 1779 Sed
828 1742 925 1778 illud
971 1743 1291 1779 conservandum
1339 1751 1397 1778 est
1451 1741 1727 1789 metaphysico
1781 1749 1818 1777 et

506 1800 763 1838 aristotelico.

567 1860 681 1896 Unde
715 1857 963 1906 impossibile
997 1867 1054 1894 est
1087 1860 1195 1906 quod
1236 1857 1379 1906 aliquis
1413 1869 1602 1894 numerus
1636 1858 1817 1894 substan-

508 1917 661 1954 ciarum
694 1917 754 1952 vel
786 1925 1046 1964 punctorum,
1070 1916 1130 1952 vel
1163 1915 1271 1952 aliud
1295 1924 1429 1963 preter
1451 1916 1569 1951 deum
1594 1915 1643 1951 sit
1665 1914 1819 1962 simpli-

510 1975 606 2012 citer
638 1973 856 2020 infinitum,
890 1986 980 2010 cum
1015 1973 1148 2010 omnis
1181 1973 1270 2010 talis
1309 1985 1501 2009 numerus
1540 1975 1660 2010 habet
1699 1974 1817 2009 deum

510 2033 629 2068 finem
664 2044 781 2068 suum
816 2031 1059 2068 extrinsecus
1090 2031 1292 2068 finientem
1320 2040 1356 2067 et
1378 2031 1563 2067 ultimum
1589 2031 1672 2068 eius
1696 2043 1819 2079 punc-

509 2091 616 2127 tuale
657 2089 798 2125 finiens
836 2089 1088 2127 intrinsecus.
1132 2091 1278 2125 Ymmo
1313 2090 1408 2125 deus
1434 2089 1528 2125 satis
1561 2088 1690 2125 noscit
1722 2101 1819 2136 quo-

511 2149 631 2185 modo
664 2160 782 2184 omne
816 2148 1059 2195 quadratum
1095 2159 1165 2195 per
1197 2159 1238 2183 se
1271 2146 1461 2184 sensibile
1507 2147 1731 2194 integratur
1776 2158 1819 2182 ex

509 2205 691 2254 partibus
744 2205 923 2241 minimis
976 2214 1012 2241 et
1064 2204 1272 2253 principiis
1325 2217 1463 2241 eorum
1510 2203 1819 2241 indivisibilibus

511 2263 736 2300 cumulatis.
770 2265 819 2299 Et
857 2263 912 2299 sic
951 2262 1097 2299 dicitur
1136 2264 1183 2299 de
1223 2262 1402 2311 qualibet
1440 2262 1518 2299 alia
1552 2262 1679 2310 figura
1711 2261 1819 2310 prin-

511 2321 660 2370 cipiata
712 2322 760 2357 ab
813 2320 1121 2357 indivisibilibus
1166 2320 1288 2368 primi
1333 2320 1504 2366 numeri,
1560 2328 1601 2356 ut
1645 2319 1818 2368 figurati.

510 2380 628 2416 Novit
674 2378 799 2415 eciam
845 2378 885 2414 in
930 2391 1009 2427 qua
1042 2378 1309 2426 proporcione
1354 2378 1583 2427 quicunque
1628 2389 1819 2414 numerus

511 2446 752 2485 punctorum
788 2448 828 2472 se
862 2437 981 2473 habet
1014 2437 1064 2472 ad
1097 2437 1239 2483 alium3
1274 2445 1311 2472 et
1332 2437 1380 2472 de
1413 2435 1497 2472 istis
1530 2437 1724 2472 habemus
1746 2448 1819 2472 nos

511 2494 818 2543 inseparabilem
853 2494 1144 2542 ignoranciam.
1170 2493 1327 2531 Scimus
1360 2502 1497 2530 tamen
1530 2495 1651 2542 quod,
1675 2493 1707 2530 si
1740 2505 1819 2529 una

511 2552 616 2589 linea
649 2552 768 2589 fuerit
809 2548 885 2587 29¹³
926 2553 974 2588 ad
1017 2551 1152 2598 aliam,
1199 2560 1295 2588 tunc
1342 2563 1533 2588 numerus
1577 2559 1819 2599 punctorum

1837 886 1874 907 [O

1837 1168 1961 1201 ss111¹¹

1837 2032 1878 2064 Su

1837 2319 1876 2353 35

512 2610 594 2646 eius
629 2619 685 2646 est
709 2610 852 2657 duplex
885 2611 934 2646 ad
960 2621 1171 2645 numerum
1206 2617 1446 2657 punctorum
1473 2609 1659 2646 alterius:
1695 2617 1731 2645 et
1764 2607 1819 2645 sic
1833 2618 1878 2649 40

512 2669 559 2704 de
606 2667 814 2704 similibus.
860 2669 1175 2715 Verumptamen
1222 2679 1302 2704 non
1347 2680 1559 2715 possumus
1603 2666 1704 2703 scire
1742 2665 1817 2702 nisi

580 2821 603 2839 2,
626 2813 739 2840 abne0¹¹¹
761 2814 793 2840 Β,
868 2821 893 2847 7.
922 2814 980 2840 isto
996 2821 1057 2848 pro
1078 2819 1107 2840 2⁰
1134 2813 1166 2840 B.
1241 2812 1358 2847 23-21.
1374 2813 1495 2849 ymagb0
1516 2814 1547 2840 B.
1629 2813 1673 2841 26.
1687 2812 1817 2840 aris⁰¹¹l3.

511 2870 551 2896 32.
574 2862 617 2903 4OE
634 2871 665 2897 B.
740 2869 854 2904 33-34.
877 2871 971 2905 expr?
993 2871 1022 2898 B.
