<?xml version="1.0" encoding="UTF-8"?>
<!DOCTYPE html PUBLIC "-//W3C//DTD XHTML 1.0 Transitional//EN"
    "http://www.w3.org/TR/xhtml1/DTD/xhtml1-transitional.dtd">
<html xmlns="http://www.w3.org/1999/xhtml" xml:lang="en" lang="en">
 <head>
  <title>
</title>
<meta http-equiv="Content-Type" content="text/html;charset=utf-8" />
  <meta name='ocr-system' content='tesseract 3.04.00' />
  <meta name='ocr-capabilities' content='ocr_page ocr_carea ocr_par ocr_line ocrx_word'/>
</head>
<body>
  <div class='ocr_page' id='page_1' title='image "./tractatusdelogic03wycl_0137.png"; bbox 0 0 2051 3327; ppageno 0'>
   <div class='ocr_carea' id='block_1_1' title="bbox 75 782 197 817">
    <p class='ocr_par' dir='ltr' id='par_1_1' title="bbox 75 782 197 817">
     <span class='ocr_line' id='line_1_1' title="bbox 75 782 197 817; baseline -0.008 -2"><span class='ocrx_word' id='word_1_1' title='bbox 75 782 197 817; x_wconf 70' lang='lat' dir='ltr'>3131h</span> 
     </span>
    </p>
   </div>
   <div class='ocr_carea' id='block_1_2' title="bbox 168 915 205 935">
    <p class='ocr_par' dir='ltr' id='par_1_2' title="bbox 168 915 205 935">
     <span class='ocr_line' id='line_1_2' title="bbox 168 915 205 935; baseline 0 0"><span class='ocrx_word' id='word_1_2' title='bbox 168 915 205 935; x_wconf 88' lang='lat'>10</span> 
     </span>
    </p>
   </div>
   <div class='ocr_carea' id='block_1_3' title="bbox 168 1192 204 1224">
    <p class='ocr_par' dir='ltr' id='par_1_3' title="bbox 168 1192 204 1224">
     <span class='ocr_line' id='line_1_3' title="bbox 168 1192 204 1224; baseline 0.028 -1"><span class='ocrx_word' id='word_1_3' title='bbox 168 1192 204 1224; x_wconf 84' lang='lat'>15</span> 
     </span>
    </p>
   </div>
   <div class='ocr_carea' id='block_1_4' title="bbox 219 269 1816 307">
    <p class='ocr_par' dir='ltr' id='par_1_4' title="bbox 219 269 1816 307">
     <span class='ocr_line' id='line_1_4' title="bbox 219 269 1816 307; baseline 0.006 -9"><span class='ocrx_word' id='word_1_4' title='bbox 219 271 308 298; x_wconf 67' lang='lat' dir='ltr'>cm).</span> <span class='ocrx_word' id='word_1_5' title='bbox 329 271 380 298; x_wconf 75' lang='lat' dir='ltr'>ix.</span> <span class='ocrx_word' id='word_1_6' title='bbox 780 272 965 303; x_wconf 70' lang='lat' dir='ltr'>LOGICA.</span> <span class='ocrx_word' id='word_1_7' title='bbox 1766 269 1816 307; x_wconf 80' lang='lat'>95</span> 
     </span>
    </p>
   </div>
   <div class='ocr_carea' id='block_1_5' title="bbox 218 375 1823 1295">
    <p class='ocr_par' dir='ltr' id='par_1_5' title="bbox 218 375 1822 1111">
     <span class='ocr_line' id='line_1_5' title="bbox 219 375 1822 427; baseline -0.006 -10"><span class='ocrx_word' id='word_1_8' title='bbox 219 381 323 417; x_wconf 87' lang='lat' dir='ltr'>linea</span> <span class='ocrx_word' id='word_1_9' title='bbox 356 379 539 427; x_wconf 85' lang='lat' dir='ltr'>superius</span> <span class='ocrx_word' id='word_1_10' title='bbox 572 379 688 415; x_wconf 87' lang='lat' dir='ltr'>facta.</span> <span class='ocrx_word' id='word_1_11' title='bbox 728 380 829 414; x_wconf 87' lang='lat' dir='ltr'>Nam</span> <span class='ocrx_word' id='word_1_12' title='bbox 865 378 1080 425; x_wconf 85' lang='lat' dir='ltr'>probatum</span> <span class='ocrx_word' id='word_1_13' title='bbox 1117 385 1173 412; x_wconf 87' lang='lat' dir='ltr'>est</span> <span class='ocrx_word' id='word_1_14' title='bbox 1207 375 1390 423; x_wconf 89' lang='lat' dir='ltr'>superius</span> <span class='ocrx_word' id='word_1_15' title='bbox 1424 375 1531 422; x_wconf 82' lang='lat' dir='ltr'>quod</span> <span class='ocrx_word' id='word_1_16' title='bbox 1546 381 1594 420; x_wconf 66' lang='lat' dir='ltr'>Ns&gt;</span> <span class='ocrx_word' id='word_1_17' title='bbox 1617 381 1702 415; x_wconf 77' lang='lat' dir='ltr'>point</span> <span class='ocrx_word' id='word_1_18' title='bbox 1723 382 1822 408; x_wconf 65' lang='lat' dir='ltr'>ottho</span> 
     </span>
     <span class='ocr_line' id='line_1_6' title="bbox 218 417 1820 485; baseline -0.005 -11"><span class='ocrx_word' id='word_1_19' title='bbox 218 439 350 474; x_wconf 89' lang='lat' dir='ltr'>nullus</span> <span class='ocrx_word' id='word_1_20' title='bbox 395 446 567 485; x_wconf 85' lang='lat' dir='ltr'>punctus</span> <span class='ocrx_word' id='word_1_21' title='bbox 612 435 753 471; x_wconf 88' lang='lat' dir='ltr'>ultime</span> <span class='ocrx_word' id='word_1_22' title='bbox 799 448 912 483; x_wconf 89' lang='lat' dir='ltr'>spere</span> <span class='ocrx_word' id='word_1_23' title='bbox 958 434 1146 471; x_wconf 80' lang='lat' dir='ltr'>describit</span> <span class='ocrx_word' id='word_1_24' title='bbox 1198 433 1369 477; x_wconf 81' lang='lat' dir='ltr'>lineam3</span> <span class='ocrx_word' id='word_1_25' title='bbox 1423 433 1531 480; x_wconf 85' lang='lat' dir='ltr'>quod</span> <span class='ocrx_word' id='word_1_26' title='bbox 1548 417 1820 483; x_wconf 46' lang='grc' dir='ltr'>ὲᾎξὲζῗζζξὲιῖᾗζὲ,</span> 
     </span>
     <span class='ocr_line' id='line_1_7' title="bbox 221 485 1821 555; baseline -0.005 -23"><span class='ocrx_word' id='word_1_27' title='bbox 221 495 466 532; x_wconf 82' lang='lat' dir='ltr'>conceditur.</span> <span class='ocrx_word' id='word_1_28' title='bbox 500 496 789 530; x_wconf 81' lang='lat' dir='ltr'>Verumtamen</span> <span class='ocrx_word' id='word_1_29' title='bbox 821 506 904 530; x_wconf 88' lang='lat' dir='ltr'>non</span> <span class='ocrx_word' id='word_1_30' title='bbox 938 501 1166 529; x_wconf 82' lang='lat' dir='ltr'>moveretur</span> <span class='ocrx_word' id='word_1_31' title='bbox 1189 491 1264 528; x_wconf 85' lang='lat' dir='ltr'>nisi</span> <span class='ocrx_word' id='word_1_32' title='bbox 1289 490 1532 527; x_wconf 76' lang='lat' dir='ltr'>describeret</span> <span class='ocrx_word' id='word_1_33' title='bbox 1549 485 1821 555; x_wconf 47' lang='lat' dir='ltr'>bilgtefflffiaffiffich</span> 
     </span>
     <span class='ocr_line' id='line_1_8' title="bbox 219 548 1747 599; baseline -0.006 -10"><span class='ocrx_word' id='word_1_34' title='bbox 219 554 338 590; x_wconf 90' lang='lat' dir='ltr'>situm</span> <span class='ocrx_word' id='word_1_35' title='bbox 379 553 418 588; x_wconf 89' lang='lat' dir='ltr'>in</span> <span class='ocrx_word' id='word_1_36' title='bbox 460 552 645 588; x_wconf 82' lang='lat' dir='ltr'>mobilem</span> <span class='ocrx_word' id='word_1_37' title='bbox 692 552 919 599; x_wconf 86' lang='lat' dir='ltr'>punctalem</span> <span class='ocrx_word' id='word_1_38' title='bbox 959 551 1163 587; x_wconf 79' lang='lat' dir='ltr'>linearem.</span> <span class='ocrx_word' id='word_1_39' title='bbox 1211 551 1258 585; x_wconf 86' lang='lat' dir='ltr'>Et</span> <span class='ocrx_word' id='word_1_40' title='bbox 1303 549 1335 585; x_wconf 89' lang='lat' dir='ltr'>si</span> <span class='ocrx_word' id='word_1_41' title='bbox 1376 548 1533 596; x_wconf 87' lang='lat' dir='ltr'>capitur</span> <span class='ocrx_word' id='word_1_42' title='bbox 1589 554 1747 581; x_wconf 74' lang='lat' dir='ltr'>maline.</span> 
     </span>
     <span class='ocr_line' id='line_1_9' title="bbox 220 607 1531 659; baseline -0.004 -12"><span class='ocrx_word' id='word_1_43' title='bbox 220 612 327 659; x_wconf 88' lang='lat' dir='ltr'>quod</span> <span class='ocrx_word' id='word_1_44' title='bbox 368 610 627 658; x_wconf 82' lang='lat' dir='ltr'>multiplicius</span> <span class='ocrx_word' id='word_1_45' title='bbox 667 609 855 645; x_wconf 83' lang='lat' dir='ltr'>describit</span> <span class='ocrx_word' id='word_1_46' title='bbox 895 610 1064 645; x_wconf 87' lang='lat' dir='ltr'>eundem</span> <span class='ocrx_word' id='word_1_47' title='bbox 1106 608 1226 644; x_wconf 86' lang='lat' dir='ltr'>situm</span> <span class='ocrx_word' id='word_1_48' title='bbox 1268 607 1308 643; x_wconf 91' lang='lat' dir='ltr'>in</span> <span class='ocrx_word' id='word_1_49' title='bbox 1348 618 1531 651; x_wconf 73' lang='lat' dir='ltr'>nurnero,</span> 
     </span>
     <span class='ocr_line' id='line_1_10' title="bbox 220 667 1531 717; baseline -0.005 -12"><span class='ocrx_word' id='word_1_50' title='bbox 220 678 257 705; x_wconf 85' lang='lat' dir='ltr'>et</span> <span class='ocrx_word' id='word_1_51' title='bbox 289 681 360 717; x_wconf 89' lang='lat' dir='ltr'>per</span> <span class='ocrx_word' id='word_1_52' title='bbox 393 680 641 716; x_wconf 86' lang='lat' dir='ltr'>consequens</span> <span class='ocrx_word' id='word_1_53' title='bbox 666 676 722 703; x_wconf 89' lang='lat' dir='ltr'>est</span> <span class='ocrx_word' id='word_1_54' title='bbox 746 680 816 714; x_wconf 89' lang='lat' dir='ltr'>per</span> <span class='ocrx_word' id='word_1_55' title='bbox 839 667 1135 715; x_wconf 90' lang='lat' dir='ltr'>quantumlibet</span> <span class='ocrx_word' id='word_1_56' title='bbox 1158 675 1315 713; x_wconf 89' lang='lat' dir='ltr'>tempus</span> <span class='ocrx_word' id='word_1_57' title='bbox 1340 677 1531 712; x_wconf 80' lang='lat' dir='ltr'>magnum</span> 
     </span>
     <span class='ocr_line' id='line_1_11' title="bbox 220 721 1530 771; baseline -0.004 -9"><span class='ocrx_word' id='word_1_58' title='bbox 220 727 260 763; x_wconf 92' lang='lat' dir='ltr'>in</span> <span class='ocrx_word' id='word_1_59' title='bbox 293 726 556 762; x_wconf 89' lang='lat' dir='ltr'>describendo</span> <span class='ocrx_word' id='word_1_60' title='bbox 590 726 708 762; x_wconf 87' lang='lat' dir='ltr'>situm</span> <span class='ocrx_word' id='word_1_61' title='bbox 743 725 994 771; x_wconf 80' lang='lat' dir='ltr'>circularem,</span> <span class='ocrx_word' id='word_1_62' title='bbox 1036 724 1271 761; x_wconf 86' lang='lat' dir='ltr'>conceditur</span> <span class='ocrx_word' id='word_1_63' title='bbox 1304 721 1530 767; x_wconf 82' lang='lat' dir='ltr'>conclusi03</span> 
     </span>
     <span class='ocr_line' id='line_1_12' title="bbox 220 778 1532 833; baseline -0.005 -12"><span class='ocrx_word' id='word_1_64' title='bbox 220 786 288 821; x_wconf 88' lang='lat' dir='ltr'>sed</span> <span class='ocrx_word' id='word_1_65' title='bbox 322 783 536 832; x_wconf 88' lang='lat' dir='ltr'>sequencia</span> <span class='ocrx_word' id='word_1_66' title='bbox 569 782 858 831; x_wconf 87' lang='lat' dir='ltr'>descripcionis</span> <span class='ocrx_word' id='word_1_67' title='bbox 890 783 991 819; x_wconf 85' lang='lat' dir='ltr'>tanti</span> <span class='ocrx_word' id='word_1_68' title='bbox 1025 783 1122 819; x_wconf 88' lang='lat' dir='ltr'>situs</span> <span class='ocrx_word' id='word_1_69' title='bbox 1162 781 1360 830; x_wconf 87' lang='lat' dir='ltr'>equivalet</span> <span class='ocrx_word' id='word_1_70' title='bbox 1389 778 1393 833; x_wconf 75' lang='grc' dir='ltr'>Ι</span> <span class='ocrx_word' id='word_1_71' title='bbox 1422 793 1467 817; x_wconf 84' lang='lat' dir='ltr'>ac</span> <span class='ocrx_word' id='word_1_72' title='bbox 1501 779 1532 815; x_wconf 87' lang='lat' dir='ltr'>si</span> 
     </span>
     <span class='ocr_line' id='line_1_13' title="bbox 222 839 1532 889; baseline -0.004 -11"><span class='ocrx_word' id='word_1_73' title='bbox 222 842 412 879; x_wconf 83' lang='lat' dir='ltr'>continue</span> <span class='ocrx_word' id='word_1_74' title='bbox 460 843 508 877; x_wconf 89' lang='lat' dir='ltr'>de</span> <span class='ocrx_word' id='word_1_75' title='bbox 552 841 733 889; x_wconf 87' lang='lat' dir='ltr'>possibili</span> <span class='ocrx_word' id='word_1_76' title='bbox 780 841 1023 877; x_wconf 79' lang='lat' dir='ltr'>describeret</span> <span class='ocrx_word' id='word_1_77' title='bbox 1062 853 1211 876; x_wconf 86' lang='lat' dir='ltr'>novum</span> <span class='ocrx_word' id='word_1_78' title='bbox 1252 839 1387 875; x_wconf 88' lang='lat' dir='ltr'>situm.</span> <span class='ocrx_word' id='word_1_79' title='bbox 1441 839 1532 874; x_wconf 88' lang='lat' dir='ltr'>ldeo</span> 
     </span>
     <span class='ocr_line' id='line_1_14' title="bbox 222 895 1532 947; baseline -0.005 -10"><span class='ocrx_word' id='word_1_80' title='bbox 222 909 409 937; x_wconf 81' lang='lat' dir='ltr'>causatur</span> <span class='ocrx_word' id='word_1_81' title='bbox 447 912 538 947; x_wconf 88' lang='lat' dir='ltr'>pars</span> <span class='ocrx_word' id='word_1_82' title='bbox 579 898 802 936; x_wconf 87' lang='lat' dir='ltr'>successiva</span> <span class='ocrx_word' id='word_1_83' title='bbox 841 899 931 935; x_wconf 89' lang='lat' dir='ltr'>talis</span> <span class='ocrx_word' id='word_1_84' title='bbox 973 907 1117 944; x_wconf 88' lang='lat' dir='ltr'>motus,</span> <span class='ocrx_word' id='word_1_85' title='bbox 1163 910 1242 946; x_wconf 90' lang='lat' dir='ltr'>qua</span> <span class='ocrx_word' id='word_1_86' title='bbox 1280 895 1532 933; x_wconf 88' lang='lat' dir='ltr'>velocissime</span> 
     </span>
     <span class='ocr_line' id='line_1_15' title="bbox 222 954 1533 1005; baseline -0.004 -11"><span class='ocrx_word' id='word_1_87' title='bbox 222 967 417 1003; x_wconf 88' lang='lat' dir='ltr'>movetur,</span> <span class='ocrx_word' id='word_1_88' title='bbox 483 957 745 994; x_wconf 89' lang='lat' dir='ltr'>describendo</span> <span class='ocrx_word' id='word_1_89' title='bbox 802 966 957 1005; x_wconf 89' lang='lat' dir='ltr'>partem</span> <span class='ocrx_word' id='word_1_90' title='bbox 1015 957 1113 992; x_wconf 90' lang='lat' dir='ltr'>situs</span> <span class='ocrx_word' id='word_1_91' title='bbox 1172 955 1403 991; x_wconf 88' lang='lat' dir='ltr'>huiusmodi</span> <span class='ocrx_word' id='word_1_92' title='bbox 1448 954 1533 990; x_wconf 88' lang='lat' dir='ltr'>sine</span> 
     </span>
     <span class='ocr_line' id='line_1_16' title="bbox 221 1013 1532 1063; baseline -0.004 -11"><span class='ocrx_word' id='word_1_93' title='bbox 221 1016 423 1053; x_wconf 88' lang='lat' dir='ltr'>redicione</span> <span class='ocrx_word' id='word_1_94' title='bbox 462 1028 583 1063; x_wconf 87' lang='lat' dir='ltr'>super</span> <span class='ocrx_word' id='word_1_95' title='bbox 621 1016 729 1052; x_wconf 87' lang='lat' dir='ltr'>illam</span> <span class='ocrx_word' id='word_1_96' title='bbox 771 1025 927 1063; x_wconf 89' lang='lat' dir='ltr'>partem</span> <span class='ocrx_word' id='word_1_97' title='bbox 969 1014 1107 1063; x_wconf 82' lang='lat' dir='ltr'>spacii.</span> <span class='ocrx_word' id='word_1_98' title='bbox 1154 1016 1202 1049; x_wconf 84' lang='lat' dir='ltr'>Et</span> <span class='ocrx_word' id='word_1_99' title='bbox 1235 1015 1283 1049; x_wconf 79' lang='lat' dir='ltr'>ab</span> <span class='ocrx_word' id='word_1_100' title='bbox 1318 1013 1385 1049; x_wconf 90' lang='lat' dir='ltr'>illa</span> <span class='ocrx_word' id='word_1_101' title='bbox 1418 1020 1532 1060; x_wconf 88' lang='lat' dir='ltr'>parte</span> 
     </span>
     <span class='ocr_line' id='line_1_17' title="bbox 223 1073 970 1111; baseline -0.001 -1"><span class='ocrx_word' id='word_1_102' title='bbox 223 1082 403 1111; x_wconf 87' lang='lat' dir='ltr'>servatur</span> <span class='ocrx_word' id='word_1_103' title='bbox 437 1073 626 1110; x_wconf 88' lang='lat' dir='ltr'>velocitas</span> <span class='ocrx_word' id='word_1_104' title='bbox 660 1074 790 1110; x_wconf 89' lang='lat' dir='ltr'>tocius</span> <span class='ocrx_word' id='word_1_105' title='bbox 825 1082 970 1109; x_wconf 88' lang='lat' dir='ltr'>motus.</span> 
     </span>
    </p>

    <p class='ocr_par' dir='ltr' id='par_1_6' title="bbox 221 1130 1823 1295">
     <span class='ocr_line' id='line_1_18' title="bbox 279 1130 1823 1177; baseline -0.006 -9"><span class='ocrx_word' id='word_1_106' title='bbox 279 1134 367 1177; x_wconf 88' lang='lat' dir='ltr'>Quo</span> <span class='ocrx_word' id='word_1_107' title='bbox 407 1133 457 1167; x_wconf 85' lang='lat' dir='ltr'>ad</span> <span class='ocrx_word' id='word_1_108' title='bbox 498 1133 716 1168; x_wconf 84' lang='lat' dir='ltr'>secundam</span> <span class='ocrx_word' id='word_1_109' title='bbox 763 1132 1042 1168; x_wconf 83' lang='lat' dir='ltr'>difficultatem</span> <span class='ocrx_word' id='word_1_110' title='bbox 1083 1138 1233 1166; x_wconf 85' lang='lat' dir='ltr'>tactam</span> <span class='ocrx_word' id='word_1_111' title='bbox 1275 1130 1322 1165; x_wconf 89' lang='lat' dir='ltr'>de</span> <span class='ocrx_word' id='word_1_112' title='bbox 1364 1140 1533 1176; x_wconf 88' lang='lat' dir='ltr'>corpore</span> <span class='ocrx_word' id='word_1_113' title='bbox 1556 1134 1603 1161; x_wconf 86' lang='lat' dir='ltr'>To</span> <span class='ocrx_word' id='word_1_114' title='bbox 1624 1134 1673 1161; x_wconf 83' lang='lat' dir='ltr'>the</span> <span class='ocrx_word' id='word_1_115' title='bbox 1692 1133 1823 1160; x_wconf 72' lang='lat' dir='ltr'>second.-</span> 
     </span>
     <span class='ocr_line' id='line_1_19' title="bbox 221 1169 1800 1239; baseline -0.003 -14"><span class='ocrx_word' id='word_1_116' title='bbox 221 1190 340 1226; x_wconf 83' lang='lat' dir='ltr'>simul</span> <span class='ocrx_word' id='word_1_117' title='bbox 373 1198 483 1225; x_wconf 87' lang='lat' dir='ltr'>moto</span> <span class='ocrx_word' id='word_1_118' title='bbox 516 1189 699 1226; x_wconf 78' lang='lat' dir='ltr'>localiter</span> <span class='ocrx_word' id='word_1_119' title='bbox 733 1190 908 1226; x_wconf 87' lang='lat' dir='ltr'>motibus</span> <span class='ocrx_word' id='word_1_120' title='bbox 930 1202 1011 1225; x_wconf 89' lang='lat' dir='ltr'>non</span> <span class='ocrx_word' id='word_1_121' title='bbox 1035 1187 1374 1235; x_wconf 87' lang='lat' dir='ltr'>componentibus</span> <span class='ocrx_word' id='word_1_122' title='bbox 1408 1199 1531 1222; x_wconf 88' lang='lat' dir='ltr'>unum</span> <span class='ocrx_word' id='word_1_123' title='bbox 1575 1169 1800 1239; x_wconf 39' lang='lat' dir='ltr'>{yssgafflfsswgf</span> 
     </span>
     <span class='ocr_line' id='line_1_20' title="bbox 222 1237 1794 1295; baseline -0.003 -12"><span class='ocrx_word' id='word_1_124' title='bbox 222 1256 389 1294; x_wconf 80' lang='lat' dir='ltr'>motum,</span> <span class='ocrx_word' id='word_1_125' title='bbox 432 1247 543 1283; x_wconf 90' lang='lat' dir='ltr'>sicud</span> <span class='ocrx_word' id='word_1_126' title='bbox 577 1247 772 1295; x_wconf 83' lang='lat' dir='ltr'>contingit</span> <span class='ocrx_word' id='word_1_127' title='bbox 806 1249 853 1284; x_wconf 87' lang='lat' dir='ltr'>de</span> <span class='ocrx_word' id='word_1_128' title='bbox 887 1256 993 1283; x_wconf 85' lang='lat' dir='ltr'>astro</span> <span class='ocrx_word' id='word_1_129' title='bbox 1028 1254 1137 1282; x_wconf 90' lang='lat' dir='ltr'>moto</span> <span class='ocrx_word' id='word_1_130' title='bbox 1171 1246 1211 1281; x_wconf 89' lang='lat' dir='ltr'>in</span> <span class='ocrx_word' id='word_1_131' title='bbox 1244 1258 1315 1281; x_wconf 88' lang='lat' dir='ltr'>suo</span> <span class='ocrx_word' id='word_1_132' title='bbox 1349 1243 1532 1292; x_wconf 81' lang='lat' dir='ltr'>epiciclo‚</span> <span class='ocrx_word' id='word_1_133' title='bbox 1577 1240 1627 1266; x_wconf 74' lang='lat' dir='ltr'>the</span> <span class='ocrx_word' id='word_1_134' title='bbox 1647 1237 1794 1274; x_wconf 77' lang='lat' dir='ltr'>epicyclic</span> 
     </span>
    </p>
   </div>
   <div class='ocr_carea' id='block_1_6' title="bbox 1590 1277 1778 1306">
    <p class='ocr_par' dir='ltr' id='par_1_7' title="bbox 1590 1277 1778 1306">
     <span class='ocr_line' id='line_1_21' title="bbox 1590 1277 1778 1306; baseline -0.005 -6"><span class='ocrx_word' id='word_1_135' title='bbox 1590 1277 1778 1306; x_wconf 79' lang='lat' dir='ltr'>movement,</span> 
     </span>
    </p>
   </div>
   <div class='ocr_carea' id='block_1_7' title="bbox 221 1302 1793 1378">
    <p class='ocr_par' dir='ltr' id='par_1_8' title="bbox 221 1302 1793 1378">
     <span class='ocr_line' id='line_1_22' title="bbox 221 1302 1782 1370; baseline -0.004 -29"><span class='ocrx_word' id='word_1_136' title='bbox 221 1305 369 1342; x_wconf 89' lang='lat' dir='ltr'>dicitur</span> <span class='ocrx_word' id='word_1_137' title='bbox 402 1307 511 1353; x_wconf 89' lang='lat' dir='ltr'>quod</span> <span class='ocrx_word' id='word_1_138' title='bbox 546 1305 740 1341; x_wconf 86' lang='lat' dir='ltr'>maiorem</span> <span class='ocrx_word' id='word_1_139' title='bbox 775 1305 895 1341; x_wconf 87' lang='lat' dir='ltr'>situm</span> <span class='ocrx_word' id='word_1_140' title='bbox 931 1305 1168 1341; x_wconf 86' lang='lat' dir='ltr'>circularem</span> <span class='ocrx_word' id='word_1_141' title='bbox 1194 1302 1382 1340; x_wconf 87' lang='lat' dir='ltr'>describit</span> <span class='ocrx_word' id='word_1_142' title='bbox 1406 1303 1532 1350; x_wconf 86' lang='lat' dir='ltr'>quod·</span> <span class='ocrx_word' id='word_1_143' title='bbox 1582 1308 1782 1370; x_wconf 48' lang='lat' dir='ltr'>ldescribes?</span> 
     </span>
     <span class='ocr_line' id='line_1_23' title="bbox 1594 1350 1793 1378; baseline -0.005 -8"><span class='ocrx_word' id='word_1_144' title='bbox 1594 1351 1682 1378; x_wconf 83' lang='lat' dir='ltr'>arger</span> <span class='ocrx_word' id='word_1_145' title='bbox 1702 1350 1764 1369; x_wconf 82' lang='lat' dir='ltr'>eisc</span> <span class='ocrx_word' id='word_1_146' title='bbox 1779 1350 1793 1369; x_wconf 86' lang='lat' dir='ltr'>c</span> 
     </span>
    </p>
   </div>
   <div class='ocr_carea' id='block_1_8' title="bbox 221 1359 1779 1474">
    <p class='ocr_par' dir='ltr' id='par_1_9' title="bbox 221 1359 1779 1474">
     <span class='ocr_line' id='line_1_24' title="bbox 221 1359 1746 1412; baseline -0.005 -13"><span class='ocrx_word' id='word_1_147' title='bbox 221 1363 317 1400; x_wconf 91' lang='lat' dir='ltr'>libet</span> <span class='ocrx_word' id='word_1_148' title='bbox 342 1363 425 1400; x_wconf 91' lang='lat' dir='ltr'>eius</span> <span class='ocrx_word' id='word_1_149' title='bbox 448 1364 636 1411; x_wconf 87' lang='lat' dir='ltr'>punctale</span> <span class='ocrx_word' id='word_1_150' title='bbox 661 1372 773 1399; x_wconf 88' lang='lat' dir='ltr'>motu</span> <span class='ocrx_word' id='word_1_151' title='bbox 806 1363 982 1412; x_wconf 84' lang='lat' dir='ltr'>epicicli;</span> <span class='ocrx_word' id='word_1_152' title='bbox 1017 1372 1054 1398; x_wconf 92' lang='lat' dir='ltr'>et</span> <span class='ocrx_word' id='word_1_153' title='bbox 1086 1362 1210 1398; x_wconf 88' lang='lat' dir='ltr'>alium</span> <span class='ocrx_word' id='word_1_154' title='bbox 1244 1370 1399 1397; x_wconf 83' lang='lat' dir='ltr'>motum</span> <span class='ocrx_word' id='word_1_155' title='bbox 1425 1359 1533 1396; x_wconf 87' lang='lat' dir='ltr'>orbis</span> <span class='ocrx_word' id='word_1_156' title='bbox 1630 1379 1703 1405; x_wconf 69' lang='lat' dir='ltr'>than</span> <span class='ocrx_word' id='word_1_157' title='bbox 1725 1377 1746 1404; x_wconf 86' lang='lat' dir='ltr'>it</span> 
     </span>
     <span class='ocr_line' id='line_1_25' title="bbox 223 1412 1779 1474; baseline -0.004 -17"><span class='ocrx_word' id='word_1_158' title='bbox 223 1421 510 1469; x_wconf 82' lang='lat' dir='ltr'>experigencia.</span> <span class='ocrx_word' id='word_1_159' title='bbox 547 1423 662 1466; x_wconf 89' lang='lat' dir='ltr'>Quod</span> <span class='ocrx_word' id='word_1_160' title='bbox 696 1431 821 1469; x_wconf 79' lang='lat' dir='ltr'>patet,</span> <span class='ocrx_word' id='word_1_161' title='bbox 856 1421 950 1470; x_wconf 89' lang='lat' dir='ltr'>quia</span> <span class='ocrx_word' id='word_1_162' title='bbox 983 1420 1175 1467; x_wconf 79' lang='lat' dir='ltr'>astrologi</span> <span class='ocrx_word' id='word_1_163' title='bbox 1208 1419 1339 1455; x_wconf 87' lang='lat' dir='ltr'>sciunt</span> <span class='ocrx_word' id='word_1_164' title='bbox 1373 1430 1412 1454; x_wconf 88' lang='lat' dir='ltr'>se</span> <span class='ocrx_word' id='word_1_165' title='bbox 1445 1430 1533 1465; x_wconf 86' lang='lat' dir='ltr'>per-</span> <span class='ocrx_word' id='word_1_166' title='bbox 1595 1412 1779 1474; x_wconf 48' lang='lat' dir='ltr'>sstgffffiwffg.</span> 
     </span>
    </p>
   </div>
   <div class='ocr_carea' id='block_1_9' title="bbox 223 1475 1824 1528">
    <p class='ocr_par' dir='ltr' id='par_1_10' title="bbox 223 1475 1824 1528">
     <span class='ocr_line' id='line_1_26' title="bbox 223 1475 1824 1528; baseline -0.006 -12"><span class='ocrx_word' id='word_1_167' title='bbox 223 1479 355 1527; x_wconf 83' lang='lat' dir='ltr'>cipere</span> <span class='ocrx_word' id='word_1_168' title='bbox 388 1479 658 1515; x_wconf 86' lang='lat' dir='ltr'>instrumento</span> <span class='ocrx_word' id='word_1_169' title='bbox 683 1481 791 1528; x_wconf 83' lang='lat' dir='ltr'>quod</span> <span class='ocrx_word' id='word_1_170' title='bbox 814 1480 975 1528; x_wconf 87' lang='lat' dir='ltr'>planeta</span> <span class='ocrx_word' id='word_1_171' title='bbox 998 1492 1071 1527; x_wconf 86' lang='lat' dir='ltr'>pro</span> <span class='ocrx_word' id='word_1_172' title='bbox 1095 1479 1228 1514; x_wconf 87' lang='lat' dir='ltr'>dando</span> <span class='ocrx_word' id='word_1_173' title='bbox 1251 1486 1434 1524; x_wconf 87' lang='lat' dir='ltr'>tempore</span> <span class='ocrx_word' id='word_1_174' title='bbox 1459 1475 1533 1511; x_wconf 86' lang='lat' dir='ltr'>erit</span> <span class='ocrx_word' id='word_1_175' title='bbox 1548 1483 1607 1510; x_wconf 84' lang='lat' dir='ltr'>and</span> <span class='ocrx_word' id='word_1_176' title='bbox 1629 1483 1736 1509; x_wconf 83' lang='lat' dir='ltr'>thence</span> <span class='ocrx_word' id='word_1_177' title='bbox 1756 1481 1778 1508; x_wconf 84' lang='lat' dir='ltr'>it</span> <span class='ocrx_word' id='word_1_178' title='bbox 1798 1481 1824 1508; x_wconf 83' lang='lat' dir='ltr'>is</span> 
     </span>
    </p>
   </div>
   <div class='ocr_carea' id='block_1_10' title="bbox 222 1516 1825 1585">
    <p class='ocr_par' dir='ltr' id='par_1_11' title="bbox 222 1516 1825 1585">
     <span class='ocr_line' id='line_1_27' title="bbox 222 1516 1825 1585; baseline -0.003 -12"><span class='ocrx_word' id='word_1_179' title='bbox 222 1537 263 1573; x_wconf 89' lang='lat' dir='ltr'>in</span> <span class='ocrx_word' id='word_1_180' title='bbox 295 1537 373 1573; x_wconf 90' lang='lat' dir='ltr'>situ</span> <span class='ocrx_word' id='word_1_181' title='bbox 407 1537 478 1574; x_wconf 86' lang='lat' dir='ltr'>celi</span> <span class='ocrx_word' id='word_1_182' title='bbox 511 1537 679 1585; x_wconf 79' lang='lat' dir='ltr'>signato,</span> <span class='ocrx_word' id='word_1_183' title='bbox 714 1547 751 1574; x_wconf 87' lang='lat' dir='ltr'>et</span> <span class='ocrx_word' id='word_1_184' title='bbox 781 1538 821 1574; x_wconf 89' lang='lat' dir='ltr'>in</span> <span class='ocrx_word' id='word_1_185' title='bbox 854 1537 930 1573; x_wconf 87' lang='lat' dir='ltr'>fine</span> <span class='ocrx_word' id='word_1_186' title='bbox 963 1536 1158 1584; x_wconf 85' lang='lat' dir='ltr'>temporis</span> <span class='ocrx_word' id='word_1_187' title='bbox 1192 1534 1388 1571; x_wconf 89' lang='lat' dir='ltr'>sensibilis</span> <span class='ocrx_word' id='word_1_188' title='bbox 1408 1533 1533 1569; x_wconf 85' lang='lat' dir='ltr'>inme·</span> <span class='ocrx_word' id='word_1_189' title='bbox 1550 1516 1825 1579; x_wconf 40' lang='lat' dir='ltr'>poggilrngeugcgelthe</span> 
     </span>
    </p>
   </div>
   <div class='ocr_carea' id='block_1_11' title="bbox 224 1586 1814 1657">
    <p class='ocr_par' dir='ltr' id='par_1_12' title="bbox 224 1586 1814 1657">
     <span class='ocr_line' id='line_1_28' title="bbox 224 1586 1814 1657; baseline -0.003 -27"><span class='ocrx_word' id='word_1_190' title='bbox 224 1595 329 1631; x_wconf 85' lang='lat' dir='ltr'>diate</span> <span class='ocrx_word' id='word_1_191' title='bbox 362 1595 626 1641; x_wconf 85' lang='lat' dir='ltr'>succedentis,</span> <span class='ocrx_word' id='word_1_192' title='bbox 673 1604 709 1631; x_wconf 91' lang='lat' dir='ltr'>et</span> <span class='ocrx_word' id='word_1_193' title='bbox 742 1595 991 1632; x_wconf 89' lang='lat' dir='ltr'>orientaliter</span> <span class='ocrx_word' id='word_1_194' title='bbox 1029 1593 1383 1642; x_wconf 74' lang='lat' dir='ltr'>retrogradiend03</span> <span class='ocrx_word' id='word_1_195' title='bbox 1424 1593 1533 1639; x_wconf 89' lang='lat' dir='ltr'>quod</span> <span class='ocrx_word' id='word_1_196' title='bbox 1557 1592 1588 1649; x_wconf 61' lang='grc' dir='ltr'>ῐὲ)</span> <span class='ocrx_word' id='word_1_197' title='bbox 1605 1586 1814 1657; x_wconf 37' lang='grc' dir='ltr'>ξιῐξῐξξξῐῆξίῑῆῗῑ</span> 
     </span>
    </p>
   </div>
   <div class='ocr_carea' id='block_1_12' title="bbox 223 1650 1823 1726">
    <p class='ocr_par' dir='ltr' id='par_1_13' title="bbox 223 1650 1823 1726">
     <span class='ocr_line' id='line_1_29' title="bbox 223 1650 1823 1726; baseline -0.005 -37"><span class='ocrx_word' id='word_1_198' title='bbox 223 1665 303 1689; x_wconf 91' lang='lat' dir='ltr'>non</span> <span class='ocrx_word' id='word_1_199' title='bbox 337 1654 411 1689; x_wconf 86' lang='lat' dir='ltr'>erit</span> <span class='ocrx_word' id='word_1_200' title='bbox 445 1662 557 1689; x_wconf 90' lang='lat' dir='ltr'>motu</span> <span class='ocrx_word' id='word_1_201' title='bbox 590 1653 709 1691; x_wconf 88' lang='lat' dir='ltr'>orbis.</span> <span class='ocrx_word' id='word_1_202' title='bbox 743 1656 790 1689; x_wconf 86' lang='lat' dir='ltr'>Et</span> <span class='ocrx_word' id='word_1_203' title='bbox 822 1653 898 1689; x_wconf 89' lang='lat' dir='ltr'>ista</span> <span class='ocrx_word' id='word_1_204' title='bbox 933 1651 1211 1701; x_wconf 83' lang='lat' dir='ltr'>experigencia</span> <span class='ocrx_word' id='word_1_205' title='bbox 1235 1659 1368 1687; x_wconf 89' lang='lat' dir='ltr'>movet</span> <span class='ocrx_word' id='word_1_206' title='bbox 1392 1662 1459 1686; x_wconf 89' lang='lat' dir='ltr'>eos</span> <span class='ocrx_word' id='word_1_207' title='bbox 1483 1650 1533 1685; x_wconf 86' lang='lat' dir='ltr'>ad</span> <span class='ocrx_word' id='word_1_208' title='bbox 1549 1655 1823 1726; x_wconf 39' lang='lat' dir='ltr'>ageaffiivaengitviganq</span> 
     </span>
    </p>
   </div>
   <div class='ocr_carea' id='block_1_13' title="bbox 224 1709 1815 1993">
    <p class='ocr_par' dir='ltr' id='par_1_14' title="bbox 224 1709 1731 1874">
     <span class='ocr_line' id='line_1_30' title="bbox 224 1709 1731 1761; baseline -0.003 -14"><span class='ocrx_word' id='word_1_209' title='bbox 224 1713 457 1759; x_wconf 87' lang='lat' dir='ltr'>ponendum</span> <span class='ocrx_word' id='word_1_210' title='bbox 512 1711 700 1759; x_wconf 89' lang='lat' dir='ltr'>epiciclos</span> <span class='ocrx_word' id='word_1_211' title='bbox 752 1711 819 1759; x_wconf 88' lang='lat' dir='ltr'>qui</span> <span class='ocrx_word' id='word_1_212' title='bbox 864 1720 955 1747; x_wconf 89' lang='lat' dir='ltr'>sunt</span> <span class='ocrx_word' id='word_1_213' title='bbox 1000 1710 1140 1747; x_wconf 86' lang='lat' dir='ltr'>circuli</span> <span class='ocrx_word' id='word_1_214' title='bbox 1184 1722 1265 1745; x_wconf 88' lang='lat' dir='ltr'>non</span> <span class='ocrx_word' id='word_1_215' title='bbox 1309 1709 1534 1744; x_wconf 81' lang='lat' dir='ltr'>lacerantes</span> <span class='ocrx_word' id='word_1_216' title='bbox 1636 1726 1731 1761; x_wconf 82' lang='lat' dir='ltr'>place.</span> 
     </span>
     <span class='ocr_line' id='line_1_31' title="bbox 224 1768 1533 1817; baseline -0.004 -12"><span class='ocrx_word' id='word_1_217' title='bbox 224 1770 360 1805; x_wconf 92' lang='lat' dir='ltr'>orbem</span> <span class='ocrx_word' id='word_1_218' title='bbox 396 1769 712 1817; x_wconf 86' lang='lat' dir='ltr'>suprapositum,</span> <span class='ocrx_word' id='word_1_219' title='bbox 738 1778 903 1817; x_wconf 91' lang='lat' dir='ltr'>propter</span> <span class='ocrx_word' id='word_1_220' title='bbox 937 1768 1203 1805; x_wconf 89' lang='lat' dir='ltr'>eminenciam</span> <span class='ocrx_word' id='word_1_221' title='bbox 1238 1779 1377 1803; x_wconf 88' lang='lat' dir='ltr'>eorum</span> <span class='ocrx_word' id='word_1_222' title='bbox 1413 1778 1533 1813; x_wconf 89' lang='lat' dir='ltr'>supra</span> 
     </span>
     <span class='ocr_line' id='line_1_32' title="bbox 225 1825 1532 1874; baseline -0.002 -12"><span class='ocrx_word' id='word_1_223' title='bbox 225 1826 599 1863; x_wconf 87' lang='lat' dir='ltr'>circumferenciam</span> <span class='ocrx_word' id='word_1_224' title='bbox 625 1827 732 1864; x_wconf 87' lang='lat' dir='ltr'>orbis</span> <span class='ocrx_word' id='word_1_225' title='bbox 766 1827 879 1874; x_wconf 72' lang='lat' dir='ltr'>astri3</span> <span class='ocrx_word' id='word_1_226' title='bbox 918 1828 986 1863; x_wconf 88' lang='lat' dir='ltr'>sed</span> <span class='ocrx_word' id='word_1_227' title='bbox 1018 1826 1278 1863; x_wconf 88' lang='lat' dir='ltr'>includuntur</span> <span class='ocrx_word' id='word_1_228' title='bbox 1310 1825 1532 1861; x_wconf 87' lang='lat' dir='ltr'>secundum</span> 
     </span>
    </p>

    <p class='ocr_par' dir='ltr' id='par_1_15' title="bbox 225 1883 1815 1993">
     <span class='ocr_line' id='line_1_33' title="bbox 225 1883 1801 1933; baseline -0.003 -13"><span class='ocrx_word' id='word_1_229' title='bbox 225 1897 363 1921; x_wconf 87' lang='lat' dir='ltr'>eorum</span> <span class='ocrx_word' id='word_1_230' title='bbox 398 1894 592 1933; x_wconf 89' lang='lat' dir='ltr'>punctum</span> <span class='ocrx_word' id='word_1_231' title='bbox 627 1884 865 1922; x_wconf 85' lang='lat' dir='ltr'>altissimum</span> <span class='ocrx_word' id='word_1_232' title='bbox 903 1885 1004 1921; x_wconf 84' lang='lat' dir='ltr'>infra</span> <span class='ocrx_word' id='word_1_233' title='bbox 1038 1886 1190 1921; x_wconf 87' lang='lat' dir='ltr'>orbem.</span> <span class='ocrx_word' id='word_1_234' title='bbox 1238 1884 1356 1929; x_wconf 87' lang='lat' dir='ltr'>Quod</span> <span class='ocrx_word' id='word_1_235' title='bbox 1389 1883 1420 1919; x_wconf 88' lang='lat' dir='ltr'>si</span> <span class='ocrx_word' id='word_1_236' title='bbox 1453 1894 1534 1918; x_wconf 91' lang='lat' dir='ltr'>non</span> <span class='ocrx_word' id='word_1_237' title='bbox 1572 1889 1601 1916; x_wconf 87' lang='lat' dir='ltr'>[f</span> <span class='ocrx_word' id='word_1_238' title='bbox 1617 1889 1701 1916; x_wconf 79' lang='lat' dir='ltr'>there</span> <span class='ocrx_word' id='word_1_239' title='bbox 1721 1895 1801 1915; x_wconf 77' lang='lat' dir='ltr'>were</span> 
     </span>
     <span class='ocr_line' id='line_1_34' title="bbox 225 1923 1815 1993; baseline -0.003 -14"><span class='ocrx_word' id='word_1_240' title='bbox 225 1952 326 1979; x_wconf 86' lang='lat' dir='ltr'>esset</span> <span class='ocrx_word' id='word_1_241' title='bbox 358 1943 450 1979; x_wconf 87' lang='lat' dir='ltr'>talis</span> <span class='ocrx_word' id='word_1_242' title='bbox 483 1943 797 1991; x_wconf 79' lang='lat' dir='ltr'>retrogradacio,</span> <span class='ocrx_word' id='word_1_243' title='bbox 832 1945 901 1979; x_wconf 88' lang='lat' dir='ltr'>sed</span> <span class='ocrx_word' id='word_1_244' title='bbox 924 1943 1100 1979; x_wconf 87' lang='lat' dir='ltr'>delatum</span> <span class='ocrx_word' id='word_1_245' title='bbox 1126 1950 1304 1978; x_wconf 88' lang='lat' dir='ltr'>moveret</span> <span class='ocrx_word' id='word_1_246' title='bbox 1325 1940 1532 1988; x_wconf 81' lang='lat' dir='ltr'>vertigine,</span> <span class='ocrx_word' id='word_1_247' title='bbox 1558 1923 1815 1993; x_wconf 50' lang='lat' dir='ltr'>retrggrsslcigiion,</span> 
     </span>
    </p>
   </div>
   <div class='ocr_carea' id='block_1_14' title="bbox 224 1993 1817 2063">
    <p class='ocr_par' dir='ltr' id='par_1_16' title="bbox 224 1993 1817 2063">
     <span class='ocr_line' id='line_1_35' title="bbox 224 1993 1817 2063; baseline -0.002 -27"><span class='ocrx_word' id='word_1_248' title='bbox 224 2010 267 2037; x_wconf 90' lang='lat' dir='ltr'>ut</span> <span class='ocrx_word' id='word_1_249' title='bbox 300 2001 561 2038; x_wconf 87' lang='lat' dir='ltr'>describendo</span> <span class='ocrx_word' id='word_1_250' title='bbox 594 2002 714 2038; x_wconf 86' lang='lat' dir='ltr'>situm</span> <span class='ocrx_word' id='word_1_251' title='bbox 749 2001 962 2049; x_wconf 80' lang='lat' dir='ltr'>girativum</span> <span class='ocrx_word' id='word_1_252' title='bbox 987 2007 1045 2046; x_wconf 87' lang='lat' dir='ltr'>(ut</span> <span class='ocrx_word' id='word_1_253' title='bbox 1068 1999 1263 2047; x_wconf 80' lang='lat' dir='ltr'>contingit</span> <span class='ocrx_word' id='word_1_254' title='bbox 1287 2001 1335 2035; x_wconf 91' lang='lat' dir='ltr'>de</span> <span class='ocrx_word' id='word_1_255' title='bbox 1359 1998 1532 2046; x_wconf 84' lang='lat' dir='ltr'>sagitta),</span> <span class='ocrx_word' id='word_1_256' title='bbox 1562 1993 1817 2063; x_wconf 45' lang='lat' dir='ltr'>thffigegf&#39;acrigsff</span> 
     </span>
    </p>
   </div>
   <div class='ocr_carea' id='block_1_15' title="bbox 168 2056 1768 2108">
    <p class='ocr_par' dir='ltr' id='par_1_17' title="bbox 168 2056 1768 2108">
     <span class='ocr_line' id='line_1_36' title="bbox 168 2056 1768 2108; baseline -0.004 -14"><span class='ocrx_word' id='word_1_257' title='bbox 168 2062 182 2071; x_wconf 68' lang='lat'>⁰</span> <span class='ocrx_word' id='word_1_258' title='bbox 224 2059 380 2095; x_wconf 88' lang='lat' dir='ltr'>videtur</span> <span class='ocrx_word' id='word_1_259' title='bbox 413 2059 534 2096; x_wconf 91' lang='lat' dir='ltr'>michi</span> <span class='ocrx_word' id='word_1_260' title='bbox 567 2061 675 2108; x_wconf 85' lang='lat' dir='ltr'>quod</span> <span class='ocrx_word' id='word_1_261' title='bbox 708 2071 870 2095; x_wconf 86' lang='lat' dir='ltr'>omnem</span> <span class='ocrx_word' id='word_1_262' title='bbox 903 2068 1059 2107; x_wconf 82' lang='lat' dir='ltr'>partem</span> <span class='ocrx_word' id='word_1_263' title='bbox 1093 2059 1192 2095; x_wconf 89' lang='lat' dir='ltr'>situs</span> <span class='ocrx_word' id='word_1_264' title='bbox 1226 2056 1534 2104; x_wconf 87' lang='lat' dir='ltr'>circumscripta</span> <span class='ocrx_word' id='word_1_265' title='bbox 1606 2063 1710 2089; x_wconf 73' lang='lat' dir='ltr'>would</span> <span class='ocrx_word' id='word_1_266' title='bbox 1733 2062 1768 2089; x_wconf 80' lang='lat' dir='ltr'>be</span> 
     </span>
    </p>
   </div>
   <div class='ocr_carea' id='block_1_16' title="bbox 226 2097 1804 2167">
    <p class='ocr_par' dir='ltr' id='par_1_18' title="bbox 226 2097 1804 2167">
     <span class='ocr_line' id='line_1_37' title="bbox 226 2097 1804 2167; baseline -0.003 -15"><span class='ocrx_word' id='word_1_267' title='bbox 226 2117 576 2154; x_wconf 88' lang='lat' dir='ltr'>circumduccione</span> <span class='ocrx_word' id='word_1_268' title='bbox 609 2117 797 2153; x_wconf 87' lang='lat' dir='ltr'>describit</span> <span class='ocrx_word' id='word_1_269' title='bbox 830 2117 978 2153; x_wconf 86' lang='lat' dir='ltr'>mobile</span> <span class='ocrx_word' id='word_1_270' title='bbox 1013 2126 1124 2153; x_wconf 87' lang='lat' dir='ltr'>motu</span> <span class='ocrx_word' id='word_1_271' title='bbox 1158 2125 1284 2161; x_wconf 64' lang='lat' dir='ltr'>ce1‘t03</span> <span class='ocrx_word' id='word_1_272' title='bbox 1319 2124 1356 2151; x_wconf 91' lang='lat' dir='ltr'>et</span> <span class='ocrx_word' id='word_1_273' title='bbox 1389 2115 1444 2151; x_wconf 90' lang='lat' dir='ltr'>sic</span> <span class='ocrx_word' id='word_1_274' title='bbox 1478 2122 1535 2150; x_wconf 87' lang='lat' dir='ltr'>est</span> <span class='ocrx_word' id='word_1_275' title='bbox 1575 2097 1747 2167; x_wconf 51' lang='grc' dir='ltr'>ἴᾞὲᾱῗθᾞὲἒῇ</span> <span class='ocrx_word' id='word_1_276' title='bbox 1761 2097 1804 2159; x_wconf 48' lang='lat' dir='ltr'>{vs</span> 
     </span>
    </p>
   </div>
   <div class='ocr_carea' id='block_1_17' title="bbox 224 2168 1818 2571">
    <p class='ocr_par' dir='ltr' id='par_1_19' title="bbox 224 2168 1818 2571">
     <span class='ocr_line' id='line_1_38' title="bbox 224 2168 1818 2237; baseline -0.003 -27"><span class='ocrx_word' id='word_1_277' title='bbox 224 2188 326 2210; x_wconf 87' lang='lat' dir='ltr'>unus</span> <span class='ocrx_word' id='word_1_278' title='bbox 351 2184 481 2211; x_wconf 87' lang='lat' dir='ltr'>motus</span> <span class='ocrx_word' id='word_1_279' title='bbox 506 2177 655 2212; x_wconf 86' lang='lat' dir='ltr'>habens</span> <span class='ocrx_word' id='word_1_280' title='bbox 679 2175 882 2211; x_wconf 81' lang='lat' dir='ltr'>racionem</span> <span class='ocrx_word' id='word_1_281' title='bbox 908 2175 1153 2211; x_wconf 84' lang='lat' dir='ltr'>diversorum</span> <span class='ocrx_word' id='word_1_282' title='bbox 1192 2183 1389 2219; x_wconf 89' lang='lat' dir='ltr'>motuum,</span> <span class='ocrx_word' id='word_1_283' title='bbox 1424 2171 1535 2208; x_wconf 90' lang='lat' dir='ltr'>cuius</span> <span class='ocrx_word' id='word_1_284' title='bbox 1560 2168 1818 2237; x_wconf 44' lang='lat' dir='ltr'>thsfgggsslpffifiich</span> 
     </span>
     <span class='ocr_line' id='line_1_39' title="bbox 224 2229 1798 2281; baseline -0.003 -13"><span class='ocrx_word' id='word_1_285' title='bbox 224 2232 412 2269; x_wconf 83' lang='lat' dir='ltr'>velocitas</span> <span class='ocrx_word' id='word_1_286' title='bbox 460 2233 681 2270; x_wconf 85' lang='lat' dir='ltr'>attenditur</span> <span class='ocrx_word' id='word_1_287' title='bbox 728 2245 849 2280; x_wconf 82' lang='lat' dir='ltr'>penes</span> <span class='ocrx_word' id='word_1_288' title='bbox 893 2233 1185 2281; x_wconf 82' lang='lat' dir='ltr'>longitudinem</span> <span class='ocrx_word' id='word_1_289' title='bbox 1226 2232 1322 2268; x_wconf 88' lang='lat' dir='ltr'>situs</span> <span class='ocrx_word' id='word_1_290' title='bbox 1361 2229 1533 2278; x_wconf 83' lang='lat' dir='ltr'>girativi.</span> <span class='ocrx_word' id='word_1_291' title='bbox 1574 2238 1644 2273; x_wconf 85' lang='lat' dir='ltr'>they</span> <span class='ocrx_word' id='word_1_292' title='bbox 1665 2237 1798 2264; x_wconf 83' lang='lat' dir='ltr'>revolve.</span> 
     </span>
     <span class='ocr_line' id='line_1_40' title="bbox 225 2288 1531 2339; baseline -0.002 -14"><span class='ocrx_word' id='word_1_293' title='bbox 225 2292 279 2325; x_wconf 82' lang='lat' dir='ltr'>Ex</span> <span class='ocrx_word' id='word_1_294' title='bbox 312 2303 390 2338; x_wconf 84' lang='lat' dir='ltr'>quo</span> <span class='ocrx_word' id='word_1_295' title='bbox 424 2291 605 2339; x_wconf 85' lang='lat' dir='ltr'>sequitur</span> <span class='ocrx_word' id='word_1_296' title='bbox 638 2292 747 2339; x_wconf 91' lang='lat' dir='ltr'>quod</span> <span class='ocrx_word' id='word_1_297' title='bbox 780 2291 954 2327; x_wconf 88' lang='lat' dir='ltr'>velocius</span> <span class='ocrx_word' id='word_1_298' title='bbox 991 2300 1173 2327; x_wconf 81' lang='lat' dir='ltr'>movetur</span> <span class='ocrx_word' id='word_1_299' title='bbox 1206 2303 1325 2338; x_wconf 86' lang='lat' dir='ltr'>quam</span> <span class='ocrx_word' id='word_1_300' title='bbox 1362 2288 1406 2333; x_wconf 86' lang='lat' dir='ltr'>si,</span> <span class='ocrx_word' id='word_1_301' title='bbox 1442 2301 1531 2324; x_wconf 88' lang='lat' dir='ltr'>cum</span> 
     </span>
     <span class='ocr_line' id='line_1_41' title="bbox 225 2346 1535 2396; baseline -0.003 -12"><span class='ocrx_word' id='word_1_302' title='bbox 225 2348 402 2396; x_wconf 88' lang='lat' dir='ltr'>paribus,</span> <span class='ocrx_word' id='word_1_303' title='bbox 448 2349 531 2385; x_wconf 90' lang='lat' dir='ltr'>sine</span> <span class='ocrx_word' id='word_1_304' title='bbox 579 2349 931 2386; x_wconf 87' lang='lat' dir='ltr'>circumduccione</span> <span class='ocrx_word' id='word_1_305' title='bbox 976 2349 1189 2396; x_wconf 78' lang='lat' dir='ltr'>attingeret</span> <span class='ocrx_word' id='word_1_306' title='bbox 1226 2347 1443 2384; x_wconf 89' lang='lat' dir='ltr'>terminum</span> <span class='ocrx_word' id='word_1_307' title='bbox 1483 2346 1535 2381; x_wconf 80' lang='lat' dir='ltr'>ad</span> 
     </span>
     <span class='ocr_line' id='line_1_42' title="bbox 225 2404 1534 2455; baseline -0.002 -14"><span class='ocrx_word' id='word_1_308' title='bbox 225 2418 332 2455; x_wconf 83' lang='lat' dir='ltr'>quem</span> <span class='ocrx_word' id='word_1_309' title='bbox 368 2408 565 2455; x_wconf 86' lang='lat' dir='ltr'>adequate</span> <span class='ocrx_word' id='word_1_310' title='bbox 599 2407 639 2443; x_wconf 85' lang='lat' dir='ltr'>in</span> <span class='ocrx_word' id='word_1_311' title='bbox 676 2408 817 2443; x_wconf 89' lang='lat' dir='ltr'>eodem</span> <span class='ocrx_word' id='word_1_312' title='bbox 851 2416 1048 2454; x_wconf 87' lang='lat' dir='ltr'>tempore.</span> <span class='ocrx_word' id='word_1_313' title='bbox 1083 2407 1161 2443; x_wconf 87' lang='lat' dir='ltr'>Sed</span> <span class='ocrx_word' id='word_1_314' title='bbox 1192 2407 1310 2453; x_wconf 81' lang='lat' dir='ltr'>longe</span> <span class='ocrx_word' id='word_1_315' title='bbox 1343 2404 1444 2441; x_wconf 86' lang='lat' dir='ltr'>alius</span> <span class='ocrx_word' id='word_1_316' title='bbox 1477 2412 1534 2440; x_wconf 89' lang='lat' dir='ltr'>est</span> 
     </span>
     <span class='ocr_line' id='line_1_43' title="bbox 227 2461 1533 2513; baseline -0.002 -14"><span class='ocrx_word' id='word_1_317' title='bbox 227 2473 357 2500; x_wconf 84' lang='lat' dir='ltr'>motus</span> <span class='ocrx_word' id='word_1_318' title='bbox 401 2477 507 2501; x_wconf 91' lang='lat' dir='ltr'>nunc</span> <span class='ocrx_word' id='word_1_319' title='bbox 553 2478 674 2513; x_wconf 90' lang='lat' dir='ltr'>quam</span> <span class='ocrx_word' id='word_1_320' title='bbox 709 2474 810 2500; x_wconf 89' lang='lat' dir='ltr'>esset</span> <span class='ocrx_word' id='word_1_321' title='bbox 848 2473 957 2510; x_wconf 72' lang='lat' dir='ltr'>tunc,</span> <span class='ocrx_word' id='word_1_322' title='bbox 1003 2473 1046 2500; x_wconf 91' lang='lat' dir='ltr'>ut</span> <span class='ocrx_word' id='word_1_323' title='bbox 1091 2472 1200 2512; x_wconf 87' lang='lat' dir='ltr'>patet</span> <span class='ocrx_word' id='word_1_324' title='bbox 1253 2465 1300 2499; x_wconf 89' lang='lat' dir='ltr'>de</span> <span class='ocrx_word' id='word_1_325' title='bbox 1352 2461 1533 2510; x_wconf 90' lang='lat' dir='ltr'>partibus</span> 
     </span>
     <span class='ocr_line' id='line_1_44' title="bbox 226 2520 1531 2571; baseline -0.001 -14"><span class='ocrx_word' id='word_1_326' title='bbox 226 2531 358 2558; x_wconf 88' lang='lat' dir='ltr'>motus</span> <span class='ocrx_word' id='word_1_327' title='bbox 415 2535 493 2571; x_wconf 91' lang='lat' dir='ltr'>quo</span> <span class='ocrx_word' id='word_1_328' title='bbox 547 2524 596 2559; x_wconf 91' lang='lat' dir='ltr'>ad</span> <span class='ocrx_word' id='word_1_329' title='bbox 642 2523 804 2568; x_wconf 83' lang='lat' dir='ltr'>molem,</span> <span class='ocrx_word' id='word_1_330' title='bbox 859 2522 1109 2570; x_wconf 86' lang='lat' dir='ltr'>capientibus</span> <span class='ocrx_word' id='word_1_331' title='bbox 1163 2520 1531 2558; x_wconf 88' lang='lat' dir='ltr'>individuacionern</span> 
     </span>
    </p>
   </div>
   <div class='ocr_carea' id='block_1_18' title="bbox 225 2579 368 2615">
    <p class='ocr_par' dir='ltr' id='par_1_20' title="bbox 225 2579 368 2615">
     <span class='ocr_line' id='line_1_45' title="bbox 225 2579 368 2615; baseline 0 0"><span class='ocrx_word' id='word_1_332' title='bbox 225 2592 246 2615; x_wconf 90' lang='lat' dir='ltr'>a</span> <span class='ocrx_word' id='word_1_333' title='bbox 278 2579 368 2615; x_wconf 89' lang='lat' dir='ltr'>situ.</span> 
     </span>
    </p>
   </div>
   <div class='ocr_carea' id='block_1_19' title="bbox 224 2704 1533 2783">
    <p class='ocr_par' dir='ltr' id='par_1_21' title="bbox 224 2704 1533 2783">
     <span class='ocr_line' id='line_1_46' title="bbox 249 2704 1533 2751; baseline -0.002 -10"><span class='ocrx_word' id='word_1_334' title='bbox 249 2748 258 2751; x_wconf 29' lang='grc' dir='ltr'><strong><em>Δ</em></strong></span> <span class='ocrx_word' id='word_1_335' title='bbox 294 2713 317 2741; x_wconf 91' lang='grc'>5.</span> <span class='ocrx_word' id='word_1_336' title='bbox 339 2705 425 2741; x_wconf 63' lang='lat' dir='ltr'>ffilssus</span> <span class='ocrx_word' id='word_1_337' title='bbox 447 2713 478 2740; x_wconf 82' lang='grc' dir='ltr'>Β.</span> <span class='ocrx_word' id='word_1_338' title='bbox 572 2722 611 2748; x_wconf 83' lang='lat'>17.</span> <span class='ocrx_word' id='word_1_339' title='bbox 632 2719 686 2742; x_wconf 58' lang='lat' dir='ltr'>Am</span> <span class='ocrx_word' id='word_1_340' title='bbox 707 2713 740 2740; x_wconf 84' lang='lat' dir='ltr'>B.</span> <span class='ocrx_word' id='word_1_341' title='bbox 832 2722 874 2749; x_wconf 76' lang='lat' dir='ltr'>io.</span> <span class='ocrx_word' id='word_1_342' title='bbox 896 2705 1063 2749; x_wconf 46' lang='lat' dir='ltr'>expigenfz‘a</span> <span class='ocrx_word' id='word_1_343' title='bbox 1085 2713 1123 2747; x_wconf 80' lang='lat' dir='ltr'>B;</span> <span class='ocrx_word' id='word_1_344' title='bbox 1145 2714 1182 2740; x_wconf 79' lang='lat' dir='ltr'>ib.</span> <span class='ocrx_word' id='word_1_345' title='bbox 1205 2721 1265 2749; x_wconf 85' lang='lat' dir='ltr'>qua</span> <span class='ocrx_word' id='word_1_346' title='bbox 1287 2713 1324 2746; x_wconf 77' lang='lat'>133</span> <span class='ocrx_word' id='word_1_347' title='bbox 1346 2713 1384 2740; x_wconf 74' lang='lat' dir='ltr'>ib.</span> <span class='ocrx_word' id='word_1_348' title='bbox 1406 2704 1480 2739; x_wconf 57' lang='lat' dir='ltr'>sc&#39;iiit</span> <span class='ocrx_word' id='word_1_349' title='bbox 1500 2712 1533 2739; x_wconf 90' lang='lat' dir='ltr'>B.</span> 
     </span>
     <span class='ocr_line' id='line_1_47' title="bbox 224 2748 1213 2783; baseline -0.001 -8"><span class='ocrx_word' id='word_1_350' title='bbox 224 2752 270 2775; x_wconf 78' lang='lat'>20.</span> <span class='ocrx_word' id='word_1_351' title='bbox 292 2748 508 2782; x_wconf 77' lang='lat' dir='ltr'>includatu1·(!)</span> <span class='ocrx_word' id='word_1_352' title='bbox 531 2748 562 2775; x_wconf 80' lang='grc' dir='ltr'>Β.</span> <span class='ocrx_word' id='word_1_353' title='bbox 637 2748 675 2776; x_wconf 78' lang='lat'>31,</span> <span class='ocrx_word' id='word_1_354' title='bbox 697 2749 841 2783; x_wconf 84' lang='lat' dir='ltr'>tracto(?)</span> <span class='ocrx_word' id='word_1_355' title='bbox 864 2750 895 2776; x_wconf 79' lang='grc' dir='ltr'>Β.</span> <span class='ocrx_word' id='word_1_356' title='bbox 976 2749 1020 2783; x_wconf 74' lang='grc'>37.</span> <span class='ocrx_word' id='word_1_357' title='bbox 1042 2757 1108 2775; x_wconf 86' lang='lat' dir='ltr'>esse</span> <span class='ocrx_word' id='word_1_358' title='bbox 1129 2748 1160 2783; x_wconf 75' lang='lat'>(1)</span> <span class='ocrx_word' id='word_1_359' title='bbox 1182 2748 1213 2775; x_wconf 87' lang='lat' dir='ltr'>B.</span> 
     </span>
    </p>
   </div>
   <div class='ocr_carea' id='block_1_20' title="bbox 230 2830 1533 2919">
    <p class='ocr_par' dir='ltr' id='par_1_22' title="bbox 230 2830 1533 2919">
     <span class='ocr_line' id='line_1_48' title="bbox 302 2830 1533 2874; baseline -0.002 -11"><span class='ocrx_word' id='word_1_360' title='bbox 302 2842 352 2874; x_wconf 71' lang='grc' dir='ltr'>ῖς).</span> <span class='ocrx_word' id='word_1_361' title='bbox 379 2831 660 2873; x_wconf 80' lang='lat' dir='ltr'>Experigencia.</span> <span class='ocrx_word' id='word_1_362' title='bbox 688 2831 861 2874; x_wconf 83' lang='lat' dir='ltr'>Probably</span> <span class='ocrx_word' id='word_1_363' title='bbox 888 2831 943 2862; x_wconf 90' lang='lat' dir='ltr'>for</span> <span class='ocrx_word' id='word_1_364' title='bbox 969 2831 1209 2872; x_wconf 72' lang='lat' dir='ltr'>experiencia,</span> <span class='ocrx_word' id='word_1_365' title='bbox 1250 2831 1317 2862; x_wconf 85' lang='lat' dir='ltr'>and</span> <span class='ocrx_word' id='word_1_366' title='bbox 1343 2830 1533 2872; x_wconf 81' lang='lat' dir='ltr'>belonging</span> 
     </span>
     <span class='ocr_line' id='line_1_49' title="bbox 230 2877 1365 2919; baseline 0 -11"><span class='ocrx_word' id='word_1_367' title='bbox 230 2884 264 2908; x_wconf 91' lang='lat' dir='ltr'>to</span> <span class='ocrx_word' id='word_1_368' title='bbox 290 2877 347 2909; x_wconf 89' lang='lat' dir='ltr'>the</span> <span class='ocrx_word' id='word_1_369' title='bbox 374 2885 453 2909; x_wconf 86' lang='lat' dir='ltr'>next</span> <span class='ocrx_word' id='word_1_370' title='bbox 479 2885 656 2909; x_wconf 84' lang='lat' dir='ltr'>sentence:</span> <span class='ocrx_word' id='word_1_371' title='bbox 683 2878 777 2919; x_wconf 82' lang='lat' dir='ltr'>quod</span> <span class='ocrx_word' id='word_1_372' title='bbox 796 2882 901 2918; x_wconf 79' lang='lat' dir='ltr'>patet</span> <span class='ocrx_word' id='word_1_373' title='bbox 926 2878 1151 2919; x_wconf 84' lang='lat' dir='ltr'>experiencia.</span> <span class='ocrx_word' id='word_1_374' title='bbox 1183 2877 1234 2909; x_wconf 88' lang='lat' dir='ltr'>Cf.</span> <span class='ocrx_word' id='word_1_375' title='bbox 1260 2878 1282 2908; x_wconf 95' lang='lat' dir='ltr'>l.</span> <span class='ocrx_word' id='word_1_376' title='bbox 1312 2878 1365 2910; x_wconf 78' lang='lat'>23.</span> 
     </span>
    </p>
   </div>
  </div>
 </body>
</html>
