2051 3327
217 244 305 273 CAP·
326 245 378 273 IX·
784 250 969 282 LOGICA.

216 348 424 403 dyametro
457 355 660 404 equalium
696 366 953 404 punctorum,
991 358 1123 393 nullus
1156 367 1328 405 punctus
1368 359 1524 395 mathe-

216 414 386 450 maticus
419 423 476 450 est
500 414 582 450 eius
616 423 812 461 centrum,
847 415 1096 463 simpliciter,
1131 417 1199 451 sed
1231 424 1402 463 punctus
1425 417 1527 452 linee

213 472 420 509 naturalis.
455 475 503 508 Et
536 484 606 519 per
645 473 719 508 hoc
764 473 974 508 solvuntur
1018 473 1296 510 conclusiones
1341 469 1388 522 311
1435 474 1526 510 libri

214 531 504 567 elementorum
531 529 722 566 Euclidis.
749 532 828 566 Nec
853 530 961 578 capit
976 531 1229 578 ymaginacio
1264 533 1343 567 duo
1377 541 1526 579 puncta

181 596 297 628 §esse
327 588 547 624 inmediata
579 587 618 623 in
638 589 777 624 eadem
812 588 1039 636 superficie,
1063 597 1106 625 ut
1138 589 1263 634 linea3
1298 589 1388 625 ideo
1406 599 1525 638 negat

213 646 308 682 talia
341 647 421 682 duo
455 657 538 682 esse
557 645 797 681 sensibiliter
820 645 1055 691 inmediata,
1080 657 1122 682 ut
1146 655 1256 694 patet
1282 659 1325 683 ex
1348 649 1380 683 A
1404 647 1525 695 primi

212 703 313 740 libri.
341 705 455 740 Unde
489 715 698 752 quererem
734 716 754 739 a
787 704 945 740 volente
978 704 1125 740 lineam
1161 705 1338 741 dividere
1371 705 1411 740 in
1445 707 1524 742 duo

212 761 382 813 equalia,
415 769 550 797 utrum
585 761 739 797 medius
763 771 935 809 punctus
959 762 1136 798 manebit
1158 763 1219 798 vel
1243 772 1525 811 corrumpetur

211 828 302 867 post
348 819 597 855 divisionem.
644 819 682 855 Si
725 819 922 856 manebit:
970 832 1094 868 quare
1135 820 1274 868 pocius
1320 833 1409 857 cum
1444 834 1524 858 una

158 898 196 918 10
213 876 426 913 medietate
471 890 591 926 quam
626 876 804 925 reliqua?
838 884 875 913 et
907 877 938 913 si
973 887 1255 926 corrumpetur
1294 879 1522 927 utrobique,

210 934 391 984 sequitur
435 943 629 982 punctum
675 947 958 983 quemcunque
1003 948 1087 971 esse
1127 936 1419 973 accidentalem
1455 949 1524 973 sue

210 992 330 1029 linee:
366 994 474 1041 quod
507 1001 564 1029 est
597 992 781 1040 superius
814 992 1089 1041 improbatum.

268 1053 314 1087 Et
346 1050 452 1087 idem
477 1060 534 1087 est
555 1050 748 1087 iudicium
782 1052 830 1086 de
854 1050 1046 1087 divisione
1078 1051 1229 1099 anguli.
1265 1054 1365 1088 Nam
1390 1053 1523 1088 nullus

209 1109 378 1156 angulus
416 1108 725 1145 mathematicus
759 1112 817 1145 zm
854 1109 999 1145 molem
1041 1109 1199 1145 differre
1241 1119 1384 1157 potest,
1431 1124 1521 1146 cum

156 1167 257 1208 15sit
289 1166 542 1203 indivisibilis
576 1164 654 1215 quo
689 1168 739 1202 ad
774 1168 935 1204 molem.
970 1167 1009 1203 Si
1044 1167 1148 1202 enim
1184 1168 1352 1214 angulus
1386 1181 1521 1216 super-

209 1224 351 1261 ficialis
386 1224 616 1273 quicunque
649 1233 750 1261 esset
784 1224 993 1261 divisibilis
1032 1238 1111 1272 quo
1145 1227 1195 1261 ad
1229 1226 1391 1270 molem,
1426 1235 1522 1262 tunc

208 1284 375 1330 angulus
421 1282 701 1330 contingencie
746 1291 803 1318 est
848 1283 1016 1330 angulus
1060 1292 1206 1330 rectus,
1262 1292 1299 1319 et
1352 1285 1520 1332 angulus

207 1340 447 1377 intrinsecus
480 1340 688 1388 oppositus
722 1341 869 1388 angulo
903 1340 1182 1388 contingencie
1206 1351 1335 1377 essent
1359 1343 1519 1390 equales

208 1398 463 1446 simpliciter:
505 1402 612 1447 quod
653 1398 894 1435 contradicit
933 1398 973 1434 in
1006 1394 1098 1447 35um
1134 1399 1310 1436 Euclidis
1349 1400 1520 1436 elemen-

152 1477 192 1498 20
207 1465 354 1493 torum.
388 1456 574 1493 Dividere
600 1469 693 1504 ergo
716 1458 906 1504 angulum
932 1457 1261 1493 mathematicum
1288 1459 1337 1493 ad
1360 1470 1519 1493 sensum

208 1514 385 1550 Euclidis
419 1523 477 1551 est
511 1514 687 1552 dividere
720 1515 890 1562 figuram
925 1514 1011 1562 ipso
1046 1515 1279 1562 angulatam
1315 1519 1371 1553 2¹n
1395 1515 1520 1552 lineas

207 1581 428 1620 pertractas
456 1573 506 1609 ad
529 1572 655 1609 basim
680 1581 717 1608 et
740 1585 886 1609 conum
914 1572 1017 1608 dicte
1033 1572 1177 1620 figure3
1205 1582 1241 1609 et
1264 1573 1331 1609 illa
1355 1582 1521 1609 vocatur

207 1630 348 1667 divisio
364 1630 500 1677 anguli
517 1631 555 1666 in
571 1630 757 1667 effectum
774 1632 1077 1679 quodammodo
1093 1631 1286 1677 similem,
1320 1643 1366 1667 ac
1382 1631 1413 1667 si
1430 1631 1517 1680 quis

208 1687 401 1725 divideret
416 1688 643 1737 potenciam
667 1689 728 1725 vel
751 1688 939 1726 virtutem
956 1688 1244 1725 individualem
1268 1688 1308 1725 in
1327 1701 1403 1725 <sua
1427 1691 1519 1725 sub-

150 1756 189 1788 25
207 1746 360 1783 stancia
383 1748 433 1783 ad
463 1746 699 1783 divisionem
730 1746 790 1783 sui
822 1746 997 1783 effectus.
1029 1747 1253 1783 Causaliter
1283 1746 1388 1783 enim
1423 1747 1519 1783 dicit

207 1804 485 1853 philosophus,
514 1808 561 1854 30
585 1806 633 1841 de
654 1804 813 1850 Anima,
841 1804 969 1852 ipsam
994 1805 1141 1841 habere
1164 1814 1296 1852 partes
1314 1804 1517 1841 virtuales.

264 1864 320 1898 Ex
350 1862 435 1899 istis
468 1871 506 1899 et
537 1862 720 1911 superius
753 1862 869 1899 dictis
902 1862 997 1898 satis
1021 1871 1131 1910 patet
1155 1864 1263 1910 quod
1286 1862 1317 1898 si
1340 1864 1386 1909 A,
1411 1862 1519 1899 linea

207 1921 507 1966 mathematica,
542 1921 738 1957 cancellat
772 1922 813 1964 Β,
848 1919 995 1956 lineam
1030 1920 1377 1967 mathematicam,
1399 1933 1519 1969 equa-

204 1978 282 2014 lem
327 1978 366 2015 in
412 1979 545 2016 medio
593 1987 743 2026 puncto
789 1978 1130 2025 orthogonaliter,
1177 1987 1213 2014 et
1246 1978 1290 2023 si,
1333 1987 1519 2015 manente

148 2046 190 2079 30
204 2045 375 2085 utraque
407 2046 516 2074 recta
548 2036 749 2083 continue,
784 2037 852 2072 sed
886 2038 914 2072 B
949 2032 1122 2088 (inmota
1154 2032 1205 2089 A)
1230 2036 1401 2072 declinet
1433 2049 1520 2073 suc-

204 2094 364 2141 cessive,
429 2107 640 2144 quousque
672 2095 791 2130 fuerit
826 2094 977 2130 directe
1009 2093 1267 2142 supraposita
1300 2096 1343 2141 B,
1378 2094 1519 2131 mediis

203 2152 361 2200 punctis
405 2153 594 2190 continue
638 2165 678 2188 se
722 2152 991 2200 tangentibus,
1036 2154 1143 2200 quod
1181 2151 1315 2188 statim
1363 2165 1451 2188 cum
1485 2154 1519 2188 A

203 2209 344 2259 incipit
376 2211 579 2248 declinare
612 2213 661 2248 ab
695 2211 840 2258 angulo
875 2219 985 2246 recto
1020 2211 1069 2246 ad
1102 2219 1278 2255 acutum,
1321 2212 1518 2246 movendo

205 2271 262 2305 2m
298 2269 517 2317 quemlibet
550 2269 633 2306 eius
666 2277 801 2317 preter
832 2277 1026 2316 punctum
1062 2277 1287 2313 contactus,
1322 2267 1463 2316 incipit
1485 2270 1518 2304 A

147 2335 187 2368 35
203 2326 323 2362 simul
364 2336 527 2375 tangere
569 2327 696 2363 multa
742 2335 892 2374 puncta
927 2326 1213 2362 mathematica
1265 2326 1305 2362 in
1338 2327 1386 2373 33
1423 2326 1517 2374 quia

203 2383 320 2420 aliter
351 2385 571 2433 quemlibet
602 2393 798 2433 punctum
834 2384 1143 2420 circumstarent
1166 2383 1322 2420 infinita
1353 2393 1517 2434 puncta,

203 2450 240 2478 et
264 2442 453 2479 minimus
477 2445 624 2491 gradus
647 2442 940 2490 superioritatis
963 2443 1024 2478 vel
1048 2442 1260 2479 cuiuslibet
1281 2441 1517 2478 denomina-

202 2499 327 2536 cionis
360 2501 562 2548 continue,
609 2500 710 2537 sicut
755 2509 791 2536 et
831 2500 998 2548 quilibet
1031 2500 1198 2548 angulus
1242 2500 1282 2536 in
1321 2512 1391 2536 sua
1424 2498 1515 2536 sub-

202 2558 356 2594 stancia
401 2559 503 2595 foret
547 2559 587 2595 in
633 2558 835 2595 infinitum
869 2557 1100 2606 divisibilis;
1145 2570 1222 2606 que
1254 2557 1393 2594 omnia
1425 2566 1516 2594 sunt

142 2635 186 2666 40
202 2615 473 2664 inpossibilia;
508 2617 598 2653 ideo
632 2625 670 2653 et
703 2617 958 2652 antecedens.

259 2676 307 2710 Et
340 2687 383 2711 ex
416 2675 500 2711 istis
533 2683 643 2723 patet
676 2673 886 2722 responsio
926 2675 975 2710 ad
1009 2673 1119 2710 illam
1154 2674 1352 2710 famosam
1386 2673 1515 2710 racio-

201 2744 291 2768 nem
317 2741 459 2769 contra
483 2733 630 2769 dictam
661 2732 894 2780 opinionem
919 2733 967 2767 de
1001 2732 1300 2779 composicione
1334 2732 1514 2768 continui

274 2871 321 2899 23.
345 2863 417 2899 suffe
439 2873 471 2899 B.

1765 247 1816 297 53

1542 425 1586 451 As
1607 425 1809 461 imagination

1624 466 1737 489 cannot

1560 501 1718 529 represent
1738 502 1800 524 two

1586 530 1691 564 points
1713 532 1777 558 that

1585 566 1677 592 touch
1699 567 1771 593 each

1566 599 1664 633 other,
1685 600 1794 628 Euelid

1576 633 1680 661 denies
1701 636 1781 662 their

1569 668 1722 696 existence
1742 671 1791 697 for

1585 702 1635 729 the
1657 712 1772 731 senses.

1549 737 1577 764 lf
1594 745 1654 772 you
1677 738 1770 766 bisect
1791 748 1806 767 a

1582 772 1651 803 line,
1673 774 1755 800 what

1542 806 1683 834 becomes
1706 809 1740 835 of
1757 810 1809 836 the

1558 841 1675 869 middle
1695 843 1803 877 point?

1556 1061 1605 1087 No
1626 1063 1714 1097 angle
1735 1072 1789 1090 can

1584 1096 1673 1124 differ
1692 1097 1773 1126 from

1584 1132 1714 1159 another
1734 1133 1762 1160 in

1574 1167 1769 1201 magnitude;

1556 1201 1708 1228 therefore
1728 1202 1749 1229 it
1770 1203 1797 1230 is

1562 1235 1739 1264 indivisible
1759 1238 1790 1264 in

1583 1270 1646 1297 that
1668 1279 1770 1305 se11se;

1553 1305 1718 1333 otherwise
1739 1307 1788 1334 the

1605 1341 1692 1375 angle
1712 1342 1747 1367 of

1535 1378 1684 1435 lanfency
1703 1377 1805 1403 would

1596 1418 1605 1432 Ἳ

1610 1418 1623 1435 e
1644 1418 1659 1437 a
1682 1411 1763 1445 right

1624 1446 1721 1480 angle.

1568 1872 1656 1901 Thus
1677 1874 1703 1902 if
1720 1875 1769 1902 the

1534 1908 1593 1934 lin‘e
1607 1910 1634 1935 A
1652 1909 1763 1937 bisects
1779 1910 1811 1944 Β,

1557 1944 1678 1979 equally
1699 1945 1780 1979 long,

1535 1982 1564 2004 at
1585 1978 1666 2012 right
1685 1981 1802 2014 angles,

1551 2012 1610 2039 and
1632 2014 1703 2040 then
1725 2014 1746 2040 B
1767 2014 1793 2041 is

1551 2048 1660 2074 turned
1685 2049 1784 2075 round

1540 2082 1583 2108 till
1605 2082 1627 2108 it
1647 2083 1804 2110 coincides

1567 2116 1641 2144 with
1664 2119 1702 2151 A,
1724 2120 1774 2144 the

1551 2152 1791 2190 centrallpoints

1588 2194 1760 2222 remaining

1592 2221 1643 2247 the
1665 2229 1749 2248 same

1585 2263 1618 2282 as
1640 2256 1755 2290 before,

1567 2290 1589 2316 it
1608 2290 1633 2317 is
1654 2291 1776 2318 evident

1566 2325 1631 2352 that
1649 2326 1689 2359 A,
1709 2325 1790 2353 from

1545 2359 1594 2386 the
1615 2365 1753 2387 moment
1773 2362 1796 2388 it

1561 2394 1587 2421 is
1608 2403 1647 2421 no
1668 2395 1777 2430 longer

1552 2429 1790 2464 perpendicular

1636 2464 1697 2491 will

1565 2499 1660 2526 touch
1682 2507 1775 2534 many

1557 2533 1591 2560 of
1608 2533 1658 2560 the
1679 2534 1782 2568 points

1624 2569 1659 2595 os
1676 2569 1710 2596 B.

1559 2684 1587 2711 A
1608 2684 1777 2711 celebrated

1582 2724 1744 2752 argument

1564 2754 1684 2788 against
1703 2762 1761 2781 our

1556 2788 1709 2815 doctrine:
1734 2789 1783 2814 the

1546 2823 1688 2857 diagonal
1711 2823 1746 2849 of
1763 2831 1777 2848 a

1529 2866 1639 2892 square
1660 2858 1718 2884 and
1739 2857 1779 2884 its
