2051 3327
187 243 274 270 CAP.
296 243 331 270 Χ.
745 245 932 277 LOGICA.
1704 247 1716 271 Ι
1727 245 1778 283 55

186 352 254 398 sic,
299 351 502 387 induendo
547 351 724 387 habitum
772 351 1025 399 responsalis,
1072 360 1239 387 utuntur
1277 351 1357 387 suis
1392 351 1493 386 fictis
1537 356 1607 383 thus
1633 356 1758 390 shifting

186 408 500 445 invencionibus.
553 411 630 445 Ista
684 421 777 457 ergo
829 409 1070 454 humanitas,
1125 421 1202 456 que
1247 419 1304 445 est
1350 418 1494 444 natura
1527 391 1715 460 mephrtgrgiton
1737 391 1773 418 Of

187 468 364 503 humana
398 475 433 503 et
465 479 547 502 non
580 466 713 503 divina
745 475 902 513 natura,
937 476 993 503 est
1025 476 1244 514 assumpta,
1279 476 1315 503 et
1348 466 1414 502 illa
1438 475 1495 502 est

188 526 297 569 deus,
343 533 379 560 et
418 523 559 572 incipit
599 536 694 569 esse,
740 525 807 560 sed
846 537 927 561 non
961 526 1074 561 deus:
1114 533 1157 560 ut
1194 533 1304 572 patet
1336 524 1496 560 nutritis

155 581 227 618 §in
260 591 368 618 recta
400 582 543 629 logica,
577 591 619 617 ut
652 581 760 618 allibi
793 582 991 618 declaravi
1025 581 1177 618 diffuse.

245 639 421 676 Ulterius
454 639 660 676 dubitatur
692 639 723 675 si
762 652 880 676 omne
914 641 1022 688 quod
1055 639 1128 675 erit
1167 639 1285 676 simul
1318 648 1374 675 est
1407 652 1496 675 cum
1546 644 1695 673 Wliether
1714 645 1751 672 all

287 697 294 703 ·
1569 680 1673 715 things
1694 688 1745 706 are

189 698 366 745 quolibet
410 699 518 745 quod
563 706 633 743 est,
679 706 760 733 tam
808 710 888 745 quo
927 699 977 733 ad
1009 698 1141 733 locum
1182 710 1302 745 quam
1336 710 1415 744 quo
1449 698 1499 732 ad
1527 714 1674 749 together,
1700 714 1774 741 both

189 764 359 803 tempus.
412 757 461 791 Et
492 754 647 791 videtur
680 756 788 802 quod
820 768 914 800 non,
954 755 1049 803 quia
1082 763 1175 791 tunc
1209 754 1390 791 omnium
1425 764 1499 790 ter·
1544 749 1573 776 in
1595 749 1759 810 ptlffieefnd

190 812 432 849 minatorum
466 812 597 848 forent
629 812 771 849 ultima
793 812 932 858 simu13
967 821 1004 849 et
1026 825 1096 861 per
1120 825 1368 861 consequens
1391 813 1501 848 nulla
1556 818 1743 854 Arguments

136 884 173 904 10
188 871 291 906 foret
324 870 533 914 distancia‚
568 883 613 906 eo
647 871 755 918 quod
788 869 912 906 nichil
936 879 1037 907 esset
1068 871 1212 920 solum,
1248 883 1336 906 cum
1361 883 1501 906 omnes
1552 896 1571 915 ¹·
1592 856 1754 921 fffilgf‘ffie

187 927 261 965 viri
306 937 342 964 et
386 940 524 964 omnes
571 928 756 964 mulieres
794 927 912 964 simul
958 927 1198 973 habitarent,
1244 937 1281 964 et
1319 929 1502 964 comede·
1533 923 1774 991 θχξῇῗᾞῇξίῐξὲὃοῗ

189 994 290 1028 rent,
324 994 361 1022 et
384 985 618 1033 dormirent,
652 994 689 1022 et
711 987 1078 1034 quomodocunque
1100 985 1214 1022 aliter
1237 998 1276 1022 se
1295 986 1499 1023 haberent.
1534 992 1636 1019 would
1657 992 1767 1026 touch;

278 1043 285 1050 .
337 1043 344 1049 .
369 1043 375 1049 .
803 1043 809 1048 -
1588 1027 1726 1054 distance

247 1043 453 1090 Simlhter‚
499 1052 593 1080 tunc
637 1056 756 1080 omne
801 1052 952 1079 instans
996 1044 1174 1079 futurum
1222 1052 1291 1090 est,
1339 1045 1501 1091 quando
1551 1061 1653 1088 would
1676 1061 1753 1088 exist

190 1101 396 1150 quodlibet
419 1101 617 1150 reliquum
643 1101 735 1147 erit3
771 1110 807 1137 et
829 1101 895 1147 ita,
922 1110 964 1137 ut
987 1101 1156 1147 videtur,
1181 1114 1299 1138 omne
1322 1101 1499 1137 futurum
1523 1105 1564 1158 gfff
1581 1095 1791 1157 {ffglffledsrbfgssiss

136 1161 173 1193 15
190 1172 348 1208 semper
372 1159 457 1205 erit,
492 1159 585 1208 quia
608 1168 704 1196 tunc
734 1161 881 1195 dedero
914 1168 1072 1207 tempus
1106 1168 1302 1205 eternum,
1338 1168 1375 1195 et
1408 1168 1502 1195 tunc
1570 1165 1744 1193 confusion.

192 1217 264 1253 erit
296 1229 472 1265 semper-3
513 1230 618 1265 ergo,
659 1229 778 1253 omne
810 1217 988 1253 futurum
1022 1217 1095 1253 erit
1130 1229 1298 1265 semper.
1353 1219 1400 1253 Et
1432 1229 1502 1264 per
1540 1200 1643 1269 5135&ss
1661 1200 1767 1261 ξῗᾎυυῖᾗ

190 1275 295 1311 idem
342 1274 560 1312 immediate
593 1284 681 1323 post
714 1276 790 1311 hoc
822 1275 989 1322 instans,
1035 1274 1129 1323 quia
1161 1284 1267 1311 tunc.
1324 1277 1371 1310 Et
1404 1275 1502 1310 illud
1523 1270 1600 1297 exist
1620 1269 1776 1331 {ffgssall-V*

191 1340 279 1369 tunc
303 1342 359 1369 est
383 1332 600 1369 immediate
625 1342 713 1381 post
738 1334 833 1379 hoc;
859 1346 948 1369 cum
965 1342 1101 1369 tamen
1125 1334 1220 1369 deus
1240 1332 1313 1369 erit
1332 1345 1501 1380 semper,
1538 1338 1763 1400 imffiteeqjatthegy,

192 1390 285 1439 quia
328 1390 369 1426 in
403 1391 477 1427 hoc
510 1391 675 1428 instanti
708 1392 818 1439 quod
852 1400 909 1427 est
942 1403 1116 1438 presens,
1162 1403 1245 1427 non
1278 1390 1363 1436 erit,
1412 1403 1501 1426 cum
1520 1413 1643 1441 present
1662 1408 1787 1435 instant.

135 1460 177 1481 20
193 1461 261 1496 per
293 1448 398 1484 idem
432 1461 551 1486 omne
582 1450 691 1497 quod
715 1458 772 1485 est
803 1448 1022 1485 inmediate
1046 1457 1134 1497 post
1157 1449 1232 1485 hoc
1258 1457 1328 1495 est⁷
1363 1457 1401 1484 et
1433 1460 1504 1484 nec
1556 1443 1646 1512 [ἓξὲξ
1661 1443 1768 1504 iGHO‘ggle

192 1506 333 1554 incipit
364 1519 436 1543 nec
470 1507 615 1543 desinit
648 1519 806 1554 semper
829 1519 925 1543 θεεθ.
960 1509 1041 1543 Nec
1064 1507 1222 1543 videtur
1245 1507 1355 1542 color
1385 1506 1506 1554 igitur
1538 1512 1650 1543 future,
1670 1511 1773 1550 yvouid

194 1564 314 1600 michi
348 1566 531 1612 negando
567 1564 902 1613 consequenciam
938 1564 1075 1601 istam:
1117 1565 1153 1600 in
1181 1565 1216 1600 Β
1248 1565 1406 1600 instanti
1436 1565 1508 1600 hoc
1539 1547 1769 1616 notptssgsggt'the

194 1634 265 1658 non
310 1622 383 1658 erit
427 1631 463 1659 et
507 1623 604 1659 idem
650 1623 797 1659 instans
828 1631 883 1659 est
926 1624 987 1659 vel
1030 1623 1103 1659 erit
1137 1623 1366 1671 aliquando:
1410 1634 1505 1673 ergo

197 1680 403 1729 aliquando
436 1682 506 1717 hoc
539 1694 611 1717 non
644 1681 728 1717 erit.

140 1736 178 1767 25
254 1737 459 1783 Similiter,
494 1738 601 1775 iuxta
624 1739 722 1775 illud
748 1738 930 1786 sequitur
952 1740 1059 1787 quod
1090 1738 1130 1774 in
1155 1750 1301 1786 magno
1325 1747 1507 1785 tempore
1575 1741 1600 1770 3.
1622 1743 1650 1769 A
1670 1750 1741 1781 man

197 1804 333 1832 eterno
367 1797 501 1832 Sortes
547 1806 603 1833 est
648 1806 684 1833 et
729 1810 811 1833 non
850 1805 919 1842 θεῖ,
966 1809 1011 1833 eo
1045 1797 1151 1845 quod
1184 1808 1255 1844 per
1287 1795 1394 1832 idem
1428 1808 1508 1843 quo
1541 1777 1776 1839 ἓζνὲυὲὲῑοξζῗζῑ

198 1854 271 1890 Sor
314 1852 355 1889 in
398 1853 467 1890 illo
515 1855 588 1891 erit
634 1854 743 1902 (quia
787 1854 827 1890 in
871 1853 1005 1902 aliqua
1043 1863 1157 1902 parte
1198 1854 1310 1901 eius),
1356 1853 1396 1888 in
1440 1853 1508 1888 illo
1548 1846 1661 1908 citssrfflel
1680 1854 1770 1907 ξῇἶᾞέ,

198 1911 324 1947 eciam
359 1924 439 1947 non
473 1911 547 1948 erit
580 1912 689 1961 (quia
720 1912 761 1948 in
794 1911 929 1960 aliqua
953 1912 1035 1948 eius
1058 1915 1200 1960 parte).
1236 1911 1510 1948 Confirmatur
1559 1917 1589 1943 in
1611 1924 1627 1942 a
1647 1902 1770 1943 certain'

198 1968 427 2016 tripliciter3
462 1969 594 2017 primo
628 1983 697 2018 per
730 1971 805 2007 hoc
838 1971 945 2018 quod
979 1970 1018 2005 in
1051 1970 1119 2006 illo
1149 1979 1332 2017 ternpore
1363 1969 1509 2005 scietur
1534 1949 1792 2013 pfiirrltahecexgzttgpgss

141 2027 183 2058 30
199 2039 279 2063 non
323 2039 420 2073 esse,
465 2037 502 2064 et
546 2041 752 2076 nunquam
794 2028 941 2064 scietur
979 2041 1059 2064 non
1099 2040 1195 2074 esse,
1240 2027 1314 2063 nisi
1348 2027 1510 2074 quando
1540 2019 1788 2081 partlggtfvould

199 2098 279 2121 non
318 2084 405 2122 erit.
458 2085 581 2133 Igitur
612 2087 652 2122 in
691 2086 758 2122 illo
791 2095 973 2134 tempore
1011 2098 1091 2122 non
1133 2085 1219 2122 erit.
1254 2089 1299 2122 20
1333 2097 1403 2132 per
1434 2085 1511 2120 hoc
1601 2090 1724 2117 Proofs.

200 2143 321 2191 quod,
355 2145 678 2193 quandocunque
717 2144 783 2180 illa
816 2143 1047 2192 proposicio
1080 2143 1135 2180 sic
1168 2142 1359 2191 primarie
1392 2141 1511 2190 signi-

202 2200 324 2236 ficans
358 2210 414 2236 est
445 2201 561 2238 falsa:
596 2204 666 2238 lzoc
698 2210 764 2248 est,
797 2211 891 2238 tunc
924 2202 998 2238 hoc
1030 2214 1111 2238 non
1144 2210 1219 2249 θεῖς
1265 2202 1333 2236 sed
1370 2200 1410 2235 in
1443 2199 1511 2235 illo

202 2267 382 2306 tempore
416 2259 488 2295 erit
521 2260 637 2297 falsa:
678 2259 798 2307 igitur
837 2259 876 2296 in
911 2259 978 2296 illo
1017 2269 1200 2307 tempore
1232 2271 1313 2294 non
1347 2267 1418 2295 est.
1463 2260 1509 2307 30

146 2318 186 2351 35
203 2328 273 2364 per
311 2317 387 2352 hoc
426 2320 533 2364 quod
572 2319 643 2355 hec
683 2326 738 2354 θεῖ
776 2318 873 2354 falsa
906 2330 982 2366 per·
1012 2318 1109 2353 illud
1141 2324 1302 2365 tempus,
1341 2316 1412 2352 lzoc
1445 2323 1512 2362 est,
1528 2332 1697 2365 Ifathinss
1718 2332 1802 2358 takes

205 2383 241 2410 et
273 2373 347 2409 sibi
381 2375 621 2412 contradicit
654 2377 747 2421 hoc;
793 2376 829 2411 in
873 2376 940 2412 illo
988 2383 1169 2425 tempore,
1216 2375 1285 2410 hoc
1330 2386 1401 2410 non
1447 2381 1512 2416 est,
1563 2367 1767 2435 cgiiffiigait

204 2431 325 2478 igitur
357 2431 423 2467 illa
457 2446 538 2469 non
572 2443 628 2470 est
660 2446 765 2470 vera.
799 2435 889 2469 Non
923 2433 1026 2469 enirn
1062 2431 1301 2469 contradicit
1333 2430 1406 2467 sibi
1438 2430 1513 2467 ista
1543 2472 1547 2476 .
1575 2436 1750 2470 ofagiven

200 2501 274 2539 per
305 2489 402 2525 illud
433 2498 582 2540 tempus
614 2492 685 2528 hoc
717 2504 790 2527 non
829 2499 895 2537 est,
939 2491 1032 2539 quia
1070 2500 1163 2527 tunc
1203 2488 1514 2526 contradictorie
1528 2471 1681 2533 uffetaffi}
1700 2478 1802 2540 Ξῗέἕζ

206 2556 336 2583 essent
368 2547 485 2585 simul
518 2550 624 2586 false.
660 2551 827 2597 Propter
849 2549 945 2585 talia
979 2548 1247 2585 communiter
1280 2546 1513 2583 conceditur
1535 2541 1608 2568 then
1629 2540 1687 2567 and
1709 2539 1803 2566 there.

145 2621 190 2652 40
206 2607 367 2654 quando
405 2607 470 2644 illo
510 2615 681 2657 tempore
718 2607 778 2643 vel
818 2607 900 2643 loco
933 2607 1004 2643 hoc
1036 2614 1103 2653 est,
1145 2615 1182 2642 et
1214 2605 1249 2641 in
1282 2604 1348 2640 illo
1382 2604 1514 2640 eodem

205 2671 377 2713 tempore
413 2666 484 2702 hoc
515 2678 587 2701 non
620 2673 687 2711 est,
721 2664 815 2713 quia
848 2664 888 2701 in
921 2664 1057 2712 aliqua
1090 2663 1173 2700 eius
1206 2671 1333 2711 parte.

276 2866 295 2885 i.
318 2857 371 2884 rnli
408 2857 439 2883 Β.
531 2856 567 2883 15.
590 2855 662 2883 dedu
690 2856 721 2883 B.
812 2862 858 2889 29.
880 2855 910 2883 in
933 2854 1014 2883 nullo
1036 2854 1067 2882 B.
1159 2862 1196 2887 41.
1219 2853 1284 2880 eius
1305 2853 1400 2880 twice.
