2051 3327
220 228 309 256 CAP.
332 228 367 255 x,
779 231 963 263 LOGICA.
1744 234 1818 273 173

220 337 292 373 bus
326 345 439 373 erant
472 336 526 373 ita
558 336 689 385 primo
722 336 1000 385 temporaliter
1033 335 1134 372 sicut
1167 337 1215 372 de
1249 336 1310 372 dei
1345 336 1530 384 potencia

218 403 447 442 potuerunt.
482 397 536 431 Ex
569 395 713 443 quibus
746 395 903 431 videtur
935 396 1043 443 quod
1077 395 1251 430 mundus
1284 407 1366 430 non
1399 394 1530 442 potuit

216 451 337 488 fuisse
371 461 530 489 eternus
563 466 584 488 α
612 461 730 502 parte
780 460 879 499 ante,
944 465 1033 489 cum
1081 461 1176 489 tunc
1229 452 1397 500 quilibet
1446 452 1529 489 dies

216 518 354 546 noster
388 519 490 547 esset
523 509 724 547 infinitum
761 510 885 547 cicius
918 523 1039 559 quarn
1074 519 1170 547 tunc
1204 510 1317 546 foret.

183 572 199 605 5
274 569 351 604 Sed
396 567 559 605 dimissa
604 568 680 605 ista
718 568 939 605 subtilitate
983 568 1112 616 logica
1161 577 1198 604 et
1231 567 1526 616 philosophica,
1551 575 1611 603 We
1631 575 1820 614 oughthere

215 625 432 662 videndum
466 635 523 663 est
556 627 762 674 quomodo
786 627 973 663 locuntur
1004 626 1188 662 homines
1211 627 1298 674 plus
1322 626 1529 674 pueriliter
1554 615 1584 637 1⁰
1598 614 1708 672 ἓξὲξ
1725 611 1813 672 gripor

217 683 430 731 sapientes.
464 683 541 732 Ipsi
575 684 680 720 enim
714 693 880 732 propter
902 683 1176 720 variaeionem
1211 684 1250 720 in
1273 684 1403 732 logica
1437 696 1529 732 sepe
1557 680 1809 741 Wss'i‘glsejssjfssgs

215 741 430 778 verbaliter
476 742 771 787 contradicunt,
826 751 867 778 ut
919 741 1120 790 sapientes
1160 743 1388 778 concedunt
1421 743 1528 790 quod
1563 749 1792 784 philosophical

217 799 339 835 horno
374 808 431 835 est
464 800 600 845 homo,
645 800 737 836 licet
783 801 903 837 modo
936 800 1068 836 nullus
1108 801 1230 836 homo
1264 799 1313 836 sit
1347 799 1388 835 in
1421 808 1526 838 actu.
1580 783 1780 853 anadpplgarceintto

163 857 291 905 1olpsi
327 857 432 893 enirn
478 857 720 905 ampliarent
765 859 814 894 ad
847 870 967 894 omne
1001 870 1069 894 ens
1103 858 1272 908 actuale,
1325 859 1374 894 ad
1408 869 1527 894 omne
1555 853 1810 914 conTtsszendi'ffitSigns.

1759 909 1768 921 ,

217 927 284 951 ens
317 914 507 963 possibile
540 924 577 951 et
609 916 659 952 ad
691 927 810 951 omne
853 928 921 952 ens
955 915 1220 963 intelligibile,
1285 915 1376 963 quia
1411 915 1528 951 aliter
1542 922 1707 957 extending
1723 922 1821 961 flentity

216 981 318 1009 esset
351 972 601 1021 intelligibile
633 973 818 1021 superius
851 974 900 1010 ad
935 986 1014 1017 ens,
1057 982 1094 1009 et
1126 972 1378 1021 intelligibile
1411 985 1527 1021 supe-
1573 957 1790 1026 tgozgiglheuggrs

216 1030 297 1066 rius
329 1032 378 1067 ad
411 1043 513 1075 esse;
557 1040 593 1067 et
625 1030 681 1067 sic
709 1043 824 1080 posse
864 1044 944 1067 non
977 1040 1299 1079 presupponeret
1332 1043 1424 1069 esse.
1477 1033 1525 1066 Et
1593 1026 1766 1095 fglssnnktafflgvt

216 1087 255 1123 in
288 1088 364 1124 isto
398 1088 583 1125 homines
618 1089 898 1137 multipliciter
930 1089 1158 1136 variantur3
1192 1098 1235 1126 ut
1269 1088 1394 1137 aliqui
1429 1101 1524 1125 con-
1580 1103 1689 1123 aman
1713 1104 1775 1122 zsa

163 1147 361 1183 15cedunt
405 1147 514 1195 quod
557 1147 680 1183 homo
716 1155 771 1183 est
816 1159 973 1195 semper
1006 1146 1215 1195 quodlibet
1248 1146 1416 1183 istorum
1451 1138 1819 1192 ter-nfflrgstexraweonnzveege

218 1203 421 1241 minorum
464 1216 560 1251 esse,
607 1214 643 1241 et
687 1214 836 1252 negant
868 1206 976 1253 quod
1015 1205 1137 1241 homo
1172 1213 1229 1241 est
1262 1205 1399 1251 homo,
1450 1204 1524 1240 nisi
1559 1200 1805 1262 Butfflsigfflzg'wiu

215 1262 399 1298 habuerit
415 1262 671 1299 existenciam
692 1263 902 1299 actualem.
927 1264 1041 1299 Unde
1056 1262 1166 1299 illam
1183 1262 1523 1311 proposicionem,
1575 1273 1663 1303 grant
1683 1271 1749 1308 tii—at
1769 1278 1786 1296 a

215 1320 328 1356 homo
361 1328 428 1367 est,
462 1320 519 1356 sic
543 1329 839 1357 converterent:
874 1333 939 1356 ens
971 1328 1040 1367 est,
1073 1321 1134 1357 vel
1161 1328 1290 1370 potest
1322 1321 1382 1357 vel
1415 1320 1524 1356 intel·
1558 1312 1740 1374 inteffl}?bi{
1758 1347 1793 1366 or

216 1378 353 1428 ligitur
385 1390 467 1414 esse
498 1378 633 1423 homo,-
665 1380 771 1415 unde
805 1387 998 1426 negarent
1020 1378 1137 1415 istam
1165 1377 1522 1427 consequenciam:
1559 1374 1801 1435 xigtsstifflie’htguits

158 1451 199 1472 20
214 1436 474 1472 Antichristus
506 1444 573 1483 est,
620 1449 717 1486 ergo
756 1444 811 1472 est
843 1436 1010 1484 aliquid;
1052 1438 1133 1483 sed,
1180 1445 1238 1473 est
1270 1436 1525 1486 intelligibilis
1552 1451 1568 1470 a
1589 1451 1672 1477 man,
1694 1443 1798 1482 unless

214 1494 274 1530 vel
303 1494 515 1543 possibilis.
550 1496 598 1530 Et
631 1493 686 1530 ita
720 1495 947 1530 concedunt
980 1495 1088 1542 quod
1121 1506 1202 1530 non
1236 1503 1292 1530 est
1325 1493 1430 1531 idem
1467 1493 1523 1529 di·
1586 1478 1766 1548 Ῥξρξῖζξξεζ

215 1562 324 1587 cere:
357 1553 428 1588 hoc
460 1559 516 1588 est
547 1552 676 1588 album
712 1561 749 1588 et
782 1553 852 1588 hoc
884 1553 1013 1588 album
1048 1560 1103 1588 est
1135 1552 1286 1588 album:
1319 1551 1426 1600 quia,
1481 1560 1524 1587 ut
1540 1547 1819 1615 aggfs'ffiiss'iziifi'te

214 1609 365 1656 dicunt,
400 1611 470 1646 hoc
500 1610 630 1646 album
663 1609 891 1646 necessario
925 1617 979 1646 est
1009 1610 1160 1655 cabum,-
1192 1610 1287 1658 quia
1320 1609 1375 1646 sic
1410 1609 1524 1646 intel—
1552 1617 1642 1651 tlu'ng
1661 1616 1688 1643 is
1707 1617 1807 1652 while,

213 1666 362 1715 ligurit:
396 1668 466 1704 hoc
498 1668 626 1704 album
660 1676 717 1704 est
749 1668 901 1704 album.-
934 1668 977 1703 Si
1007 1669 1078 1704 hoc
1099 1668 1228 1704 album
1263 1675 1319 1704 est
1341 1668 1521 1713 existens,
1581 1652 1776 1720 asrffmne‘jttffie

157 1729 196 1761 25
214 1725 312 1761 illud
343 1733 399 1762 est
429 1725 573 1762 album.
608 1726 707 1762 Illud
730 1734 880 1774 negant
904 1727 1011 1774 quod
1035 1725 1261 1762 necessario
1286 1734 1342 1762 est
1366 1726 1522 1773 album3
1575 1721 1736 1790 mefhcffigd
1756 1754 1791 1792 ,f

214 1792 250 1820 et
287 1782 343 1819 sic
388 1785 615 1820 concedunt
660 1785 767 1832 quod
820 1795 939 1820 omne
978 1784 1156 1819 futurum
1203 1783 1432 1820 necessario
1467 1792 1524 1820 est
1591 1790 1653 1829 {his
1675 1790 1765 1830 wlgite
1801 1826 1806 1830 ι

213 1841 406 1888 futurum,
441 1840 543 1878 sicut
566 1854 685 1878 omne
708 1854 872 1889 presens
895 1841 1124 1878 necessario
1158 1850 1215 1878 est
1249 1854 1423 1889 presens.
1464 1842 1524 1877 Ad
1557 1825 1772 1888 thzggweffiff,
1794 1828 1816 1853 ’ί

214 1907 369 1935 tantum
404 1911 499 1947 ergo
532 1900 698 1948 prodest
730 1899 866 1936 taliter
888 1898 1076 1943 variasse,
1110 1900 1218 1947 quod
1252 1912 1322 1947 per
1354 1900 1430 1936 hoe
1467 1899 1523 1935 in·
1547 1894 1797 1956 tolizrizxgsiflilssie

214 1956 337 2004 telligi
370 1966 539 2005 possunt
572 1966 757 1994 auctores
790 1966 827 1993 et
861 1969 999 1993 sensus
1033 1957 1328 2005 equivocantes.
1539 1964 1681 2004 differem
1700 1964 1805 1999 points

157 2019 199 2050 30
270 2014 484 2052 Probabile
529 2027 624 2064 ergo
667 2015 825 2051 videtur
858 2015 1045 2063 ampliari
1080 2017 1156 2052 hoc
1187 2017 1351 2052 verbum
1386 2023 1442 2052 est
1473 2015 1523 2051 ad
1559 1999 1793 2068 ngpvrfffvevito

215 2074 516 2109 connotandum
550 2085 669 2110 omne
701 2082 861 2121 tempus
894 2073 1095 2121 possibile,
1136 2073 1193 2110 sie
1226 2073 1389 2119 scilicet,
1435 2085 1523 2121 pre·
1558 2069 1799 2138 “Sssnffffiiffges

214 2130 375 2167 teritum
422 2139 459 2167 et
491 2131 684 2176 futurum,
739 2144 828 2167 cum
863 2139 996 2179 preter
1040 2131 1118 2167 tale
1159 2144 1240 2167 non
1274 2140 1405 2180 potest
1439 2143 1522 2168 esse
1538 2138 1713 2173 extending,
1735 2139 1810 2165 isto

213 2197 385 2237 tempus.
437 2191 487 2225 Et
520 2188 788 2226 communiter
822 2190 1125 2225 concedendurn
1172 2190 1279 2238 quod
1312 2202 1432 2226 omne
1464 2190 1522 2225 fu·
1555 2173 1795 2242 ΠᾞΞὲξυᾶῗῃὲἷω

213 2255 346 2282 turum
400 2247 460 2283 vel
512 2247 746 2295 preteritum
794 2255 864 2294 est,
918 2247 1012 2296 quia
1056 2247 1095 2283 in
1141 2260 1286 2296 magno
1340 2256 1522 2295 tempore
1538 2242 1816 2304 At¹i¹nssissuettffsg¹t³¹

1638 2299 1644 2311 7

158 2307 196 2340 35
215 2312 373 2351 eterno;
407 2305 476 2341 sed
509 2318 590 2342 non
622 2305 662 2341 in
696 2304 876 2353 quolibet
909 2304 1072 2341 instanti
1105 2306 1166 2342 vel
1198 2305 1376 2354 qualibet
1408 2313 1522 2354 parte
1538 2315 1566 2338 at
1586 2320 1677 2350 eyery
1698 2312 1813 2351 instant

214 2362 426 2410 temporis3
488 2363 591 2400 sicut
635 2376 753 2399 omne
805 2364 911 2411 quod
957 2371 1027 2409 est,
1079 2371 1135 2399 est
1179 2363 1219 2399 in
1265 2376 1411 2411 magno
1444 2363 1522 2399 situ
1572 2347 1780 2409 fffflffetetfffi‘de

216 2419 374 2469 mundi3
418 2429 455 2456 et
487 2421 596 2457 nulla
629 2429 767 2457 tamen
801 2420 883 2457 eius
917 2430 1031 2469 parte
1064 2430 1121 2457 est
1154 2433 1274 2458 omne
1307 2423 1415 2469 quod
1451 2430 1521 2461 est.
1564 2416 1659 2451 proof
1675 2417 1710 2444 of
1724 2416 1796 2443 this.

215 2479 262 2514 Et
294 2487 463 2526 possunt
497 2491 582 2515 esse
615 2479 665 2515 ad
698 2480 774 2515 hoc
807 2482 849 2528 35
875 2478 1092 2516 evidencie.

270 2535 420 2583 Primo,
454 2536 548 2584 quia
580 2535 763 2585 sequitur
791 2549 835 2573 ex
868 2536 1055 2585 opposito
1088 2537 1198 2585 quod
1230 2549 1349 2573 omne
1384 2538 1520 2585 [quod]
1543 2533 1566 2560 1.
1588 2531 1757 2561 whatever
1776 2532 1815 2567 is,

154 2605 199 2636 40
215 2602 284 2639 est,
318 2593 415 2630 illud
449 2607 607 2643 semper
630 2603 700 2641 est,
735 2594 829 2643 quia
862 2594 901 2630 in
935 2594 1099 2631 instanti
1133 2596 1240 2644 quod
1266 2604 1322 2632 est
1345 2607 1521 2644 presens,
1585 2576 1611 2594 ¹5
1631 2569 1765 2604 always,

281 2842 304 2870 5.
326 2835 505 2879 locazphiffi
527 2844 558 2870 Β.
650 2852 691 2877 14.
714 2835 799 2871 zitsto
816 2852 877 2878 pro
899 2848 925 2871 et
945 2844 974 2871 in
996 2843 1055 2871 isto
1078 2844 1108 2871 B.
1209 2843 1254 2879 39.
1277 2845 1360 2881 quod
1382 2846 1468 2873 deest
1488 2845 1521 2873 B.
