2051 3327
224 282 296 307 112

234 392 343 419 caused
367 393 404 418 bv
425 392 473 417 the

230 424 434 454 assiniilation
456 426 489 451 (η’

314 462 396 489 Ῐ”0()ἀ.

272 496 331 524 We
352 500 434 523 must

230 531 400 558 remember
420 531 483 557 that

310 574 399 601 every

246 600 414 628 individua}
438 600 462 626 is

217 634 426 662 individuated
450 635 485 669 by

223 671 301 697 what
321 678 428 696 canses
449 669 481 702 it,

246 705 304 731 and
327 705 391 731 that
413 704 461 730 the

252 740 331 766 sorni
354 738 455 765 which

287 778 420 800 actuales

252 818 267 835 a
288 809 451 835 substance

235 844 260 871 is
280 842 465 870 indivisible.

234 1072 258 1100 3.
281 1074 322 1102 So
344 1074 415 1108 long
436 1081 468 1099 as

269 1117 305 1135 an
328 1108 439 1135 animal

217 1143 320 1177 exists‚
342 1143 381 1170 its
403 1144 481 1170 sorni

257 1178 391 1205 remains
410 1179 459 1204 the

241 1221 335 1244 same,
359 1213 408 1239 but
430 1213 467 1239 its

255 1252 364 1275 matter
385 1255 454 1282 may

314 1291 398 1318 vary,

247 1491 305 1518 and
328 1496 410 1518 must
431 1492 470 1518 do

236 1535 286 1559 so;
308 1527 483 1560 increasing

239 1562 390 1588 therefore
412 1566 440 1588 at
461 1570 476 1588 a

249 1596 363 1623 certain
386 1596 468 1623 time.

277 1654 436 1689 Digestion

247 1689 352 1724 begins
374 1689 403 1716 in
424 1690 473 1716 the

266 1724 371 1751 mouth
393 1724 452 1751 and

282 1759 438 1792 stomachq

232 1793 253 1820 it
274 1794 436 1821 continues
457 1794 486 1821 in

247 1829 297 1855 the
318 1828 395 1855 livet·
415 1829 472 1855 and

239 1863 289 1889 the
312 1864 478 1896 midriffff)

235 1899 361 1925 whence
382 1907 396 1925 a
419 1904 486 1933 part

222 1932 246 1959 is
267 1933 402 1967 expelled
424 1934 488 1960 into

248 1967 296 1994 the
318 1968 459 2001 bladder;

309 2003 366 2029 and
387 2003 408 2029 it

247 2037 424 2064 terminatos
445 2038 473 2064 in

276 2072 324 2099 the
346 2072 439 2099 heart.

224 2129 257 2155 ln
281 2130 329 2156 the
350 2130 497 2165 capillary

251 2164 364 2191 vessels
384 2164 467 2191 there

258 2198 284 2225 is
305 2207 340 2225 an
363 2200 462 2226 action

225 2234 316 2267 going
337 2242 375 2260 on
398 2234 497 2261 which

280 2269 305 2295 is
326 2269 375 2295 the
395 2269 452 2295 last

234 2303 435 2337 compliment
455 2305 490 2331 01‘

242 2338 479 2373 augmentation.

936 275 1161 306 JOHANNJS
1188 274 1375 305 WYCL1F
1654 271 1743 298 CAP.
1764 272 1815 299 IX.

507 395 674 430 poi-eum
709 381 924 417 adveniens
948 379 1160 427 similanti3
1195 381 1300 428 quod
1335 380 1507 427 speciale
1541 389 1597 416 est
1622 393 1816 428 augmen-

507 439 669 476 tacioni.
718 440 794 475 Sed
842 439 913 474 iste
964 440 1039 474 due
1085 437 1326 486 posteriores
1374 437 1630 474 condiciones
1669 439 1817 475 habent

507 497 786 534 difficultatem
821 506 917 544 aput
950 496 1126 532 irretitos
1159 495 1198 531 in
1241 495 1406 543 singulis
1448 495 1667 544 principiis.
1724 498 1817 533 Ideo

506 556 745 598 notandum,
780 563 822 590 ut
855 554 964 591 allibi
998 554 1139 590 diffuse
1173 553 1397 601 exponitur,
1431 555 1539 601 quod
1573 566 1692 590 omne
1726 567 1818 602 sup-

507 612 682 662 positum
717 611 863 660 speciei
898 611 1006 660 capit
1038 610 1406 648 individuacionem
1441 612 1489 647 ab
1512 612 1622 648 omni
1645 611 1714 648 illo
1738 614 1850 660 quob

508 671 613 719 capit
648 669 950 715 causacionem;
986 678 1022 706 et
1055 669 1110 706 sic
1135 678 1192 706 est
1216 670 1310 706 dare
1333 670 1480 717 gradus
1504 669 1816 706 individualibus

506 728 768 777 singularium
804 729 1023 765 secundum
1064 727 1372 776 ydemptitatem
1411 728 1661 764 numeralem
1700 727 1818 764 unius

506 787 566 824 vel
598 786 774 835 plurium
810 799 1022 823 causarum
1057 799 1079 822 a
1112 785 1257 834 quibus
1290 785 1657 822 individuacionem
1683 785 1818 822 huius-

508 845 616 881 modi
656 844 898 881 sorciuntur.
944 845 1021 881 Sed
1058 845 1283 880 notandum
1326 845 1434 892 quod
1474 843 1649 892 quelibet
1688 844 1818 880 forma

507 901 790 939 substancialis
844 902 955 938 mixti
1008 910 1045 938 et
1096 901 1325 950 specialiter
1376 901 1512 938 anima
1564 914 1876 950 quecunque,10

507 961 731 998 subiectum
767 973 882 996 suum
927 959 1194 996 immediatum
1230 968 1410 1010 aetuans,
1458 968 1514 997 est
1566 959 1819 997 indivisibilis

508 1032 588 1068 quo
622 1020 672 1055 ad
707 1019 868 1054 molem.
923 1019 1000 1054 Sed
1035 1027 1071 1055 et
1103 1017 1202 1054 illud
1235 1018 1462 1054 declaratur
1497 1017 1592 1054 alibi
1625 1017 1818 1054 diffusius.

567 1079 620 1113 Ex
654 1076 798 1125 quibus
832 1080 878 1125 30
911 1085 1041 1124 potest
1075 1075 1257 1112 convinci
1290 1076 1412 1124 quod,
1458 1085 1646 1112 manente
1680 1077 1819 1113 eodem

509 1134 688 1180 animali,
729 1143 865 1171 manet
910 1135 1050 1170 eadem
1096 1134 1239 1179 forma,
1286 1146 1307 1170 a
1347 1146 1426 1182 qua
1459 1143 1578 1181 eaput
1613 1134 1674 1171 vel
1712 1133 1821 1170 aliud

509 1206 705 1241 organum
723 1194 842 1229 habet
858 1192 1062 1240 propriam
1089 1191 1369 1240 quantitatem.
1394 1194 1442 1227 Et
1464 1204 1534 1239 per
1559 1204 1820 1240 consequens,
1841 1194 1877 1227 15

509 1251 603 1287 licet
635 1264 738 1288 nova
772 1250 939 1287 materia
972 1250 1158 1287 adveniat
1190 1250 1250 1286 vel
1283 1249 1450 1298 antiqua
1484 1250 1645 1297 defluat,
1686 1259 1821 1286 tamen

510 1318 645 1346 manet
692 1310 831 1345 eadem
872 1321 964 1357 pars
1009 1307 1274 1357 quantitativa
1312 1307 1353 1344 in
1392 1320 1561 1344 numero
1600 1309 1819 1344 secundum

508 1368 695 1414 formam,
745 1380 835 1403 cum
882 1375 1018 1403 manet
1071 1367 1209 1402 eadem
1256 1366 1384 1402 forma
1430 1365 1471 1402 in
1515 1378 1685 1402 numero
1729 1365 1822 1403 licet

510 1425 679 1462 materia
718 1425 906 1464 varietur,
953 1426 1034 1460 Nec
1074 1423 1214 1460 exinde
1253 1423 1435 1472 sequitur
1469 1423 1662 1471 migracio
1695 1424 1822 1460 forme

509 1484 570 1520 vel
615 1483 697 1519 eius
742 1481 1104 1531 incorruptibilitas
1150 1481 1270 1518 alium
1321 1481 1540 1518 infinitans.
1590 1481 1822 1527 Quamlibet
1839 1494 1880 1516 20

510 1554 604 1589 ergo
637 1550 790 1589 partem
828 1540 1137 1589 quantitativam
1168 1536 1172 1591 Ι
1201 1539 1333 1588 primo
1357 1539 1464 1576 aucti
1488 1539 1714 1576 sensibilem
1741 1553 1823 1576 ma-
1849 1542 1950 1575 3138

510 1608 670 1636 nentem
705 1600 872 1635 eandem
907 1598 948 1634 in
980 1610 1149 1635 numero
1182 1599 1403 1634 secundum
1438 1598 1625 1645 formam,
1665 1606 1823 1646 oportet

512 1657 551 1694 in
585 1657 718 1705 aliqua
752 1666 866 1706 parte
899 1656 1092 1704 temporis
1126 1655 1392 1704 augmentari.

570 1717 652 1752 Nec
704 1717 818 1752 obest
871 1715 1069 1763 quotlibet
1127 1714 1416 1751 elementorum
1469 1714 1510 1750 in
1563 1713 1821 1750 humidorum

512 1773 751 1810 inimicicias
784 1773 979 1821 generari,
1026 1786 1115 1810 cum
1158 1772 1232 1809 sita
1266 1772 1396 1820 prima
1429 1771 1648 1820 digestione
1682 1771 1722 1807 in
1755 1784 1823 1808 ore
1840 1774 1879 1807 25

514 1841 550 1868 et
583 1833 807 1877 stomacho,
855 1840 892 1868 et
925 1840 1112 1879 separato
1145 1830 1185 1866 in
1225 1843 1326 1878 puro
1366 1830 1544 1866 terrestri
1586 1843 1631 1866 ac
1664 1842 1734 1877 per
1766 1829 1821 1865 in-

514 1890 657 1926 testina
691 1890 877 1935 demisso,
912 1898 1072 1937 oportet
1106 1888 1146 1925 in
1182 1897 1295 1937 epate
1335 1888 1528 1924 celebrari
1558 1887 1821 1936 digestionem

514 1949 731 1984 secundam
773 1946 921 1993 subtili,
967 1960 988 1984 a
1027 1960 1106 1995 quo
1145 1946 1186 1983 in
1220 1955 1337 1995 epato
1373 1945 1566 1983 mitricori
1605 1946 1767 1994 expulso
1801 1958 1823 1982 a

513 2006 678 2042 venibus
712 2007 761 2042 ad
794 2005 986 2051 vesicam3
1021 2014 1057 2041 et
1090 2009 1138 2054 30
1171 2004 1211 2040 in
1244 2006 1365 2041 corde
1405 2003 1595 2040 alimento
1642 2005 1822 2049 decocto,

513 2064 573 2100 vel
606 2063 790 2100 subtilius
824 2063 954 2111 primo
988 2062 1110 2099 virtus
1143 2062 1309 2111 regitiva
1344 2061 1544 2098 distribuit
1568 2074 1638 2110 per
1661 2060 1824 2098 arteries
1841 2066 1881 2098 30

515 2131 551 2158 et
582 2134 701 2158 venas
734 2121 897 2169 spiritus
931 2121 1107 2169 triplices
1132 2134 1221 2157 cum
1246 2119 1438 2168 sanguine
1464 2120 1653 2156 membris
1677 2132 1823 2168 augen-

515 2180 586 2225 dis,
639 2188 833 2228 quantum
876 2178 1035 2227 exigunt
1074 2181 1121 2215 de
1164 2188 1320 2215 natura.
1367 2180 1415 2214 Et
1454 2179 1585 2214 adhuc
1630 2177 1670 2213 in
1713 2177 1823 2214 venis

515 2237 773 2286 capillaribus
812 2238 1031 2274 secundum
1073 2249 1204 2273 rorem
1245 2235 1509 2273 causabilium
1550 2245 1586 2272 et
1623 2235 1821 2283 glutinum

514 2305 572 2332 est
605 2304 801 2344 quantum
826 2294 1024 2331 sensibilis
1048 2294 1283 2339 destillacio,
1318 2303 1354 2330 et
1379 2295 1652 2330 membrorum
1678 2302 1822 2330 attrac-

514 2353 588 2402 cio,
623 2355 672 2389 ad
708 2362 838 2390 motus
872 2353 1220 2401 augmentacionis
1253 2352 1440 2388 ultimum
1465 2352 1877 2400 complementum.35

513 2414 560 2448 Et
581 2412 636 2448 sic
659 2424 817 2460 semper
841 2420 975 2448 manet
999 2413 1222 2447 membrum
1251 2410 1541 2458 spermaticum
1564 2409 1822 2457 aparentibus

582 2602 605 2631 3.
628 2604 742 2631 unt'tos
764 2604 814 2638 ss.;
845 2604 883 2630 ib.
915 2602 997 2630 smus
1026 2603 1056 2630 Β.
1183 2610 1225 2636 24.
1249 2593 1370 2629 hffiose
1394 2602 1424 2628 Β.
1535 2609 1578 2636 27.
1611 2601 1755 2629 notem-ari
1789 2600 1820 2628 Β.

513 2661 556 2689 28.
579 2661 674 2689 subtm
696 2661 735 2695 13;
757 2662 794 2688 ib.
817 2652 874 2696 ago
896 2661 935 2695 13;
957 2661 995 2688 ib.
1018 2660 1141 2688 ntit'co'i
1164 2661 1195 2687 B.
1292 2659 1335 2687 33.
1357 2650 1429 2687 55¹³?
1445 2659 1600 2687 cambium
1616 2659 1650 2694 (?)
1673 2659 1706 2686 Β.

584 2744 636 2776 28.
662 2743 844 2777 M1'tricori
870 2746 935 2776 and
963 2744 1090 2782 below,
1118 2741 1228 2775 mit'll‘.
1264 2745 1272 2775 Ι
1301 2743 1389 2775 have
1416 2743 1583 2774 rendered
1610 2742 1677 2774 this
1703 2753 1740 2774 as
1766 2741 1823 2773 the

514 2791 675 2832 ‘midriff’,
721 2792 782 2823 but
807 2792 889 2834 only
930 2802 974 2822 on
1001 2797 1148 2822 account
1184 2790 1223 2821 of
1245 2790 1301 2821 the
1340 2790 1492 2831 peculiar
1524 2789 1760 2820 resemblance
1786 2788 1827 2819 of

513 2838 625 2868 sound
665 2837 746 2868 with
785 2837 842 2868 the
870 2838 980 2871 word.
1020 2837 1071 2868 for
1099 2838 1106 2868 l
1134 2836 1222 2868 have
1262 2843 1321 2867 not
1360 2835 1552 2867 succeeded
1582 2836 1614 2866 in
1643 2834 1772 2876 finding
1799 2834 1822 2865 it

514 2883 709 2925 anywhere.
737 2884 814 2915 The
841 2883 957 2915 whole
985 2893 1130 2925 passage
1158 2884 1185 2914 is
1212 2894 1294 2925 very
1322 2888 1474 2924 corrupt.
