2051 3327
66 1730 90 1759 Β
108 1728 185 1770 140¹·

213 233 302 261 CAP.
322 234 374 262 lx.
770 229 956 261 LOGICA.

213 336 261 371 de
306 336 562 380 aheracione,
603 338 711 384 quod
756 345 813 372 est
846 345 882 372 et
915 336 1010 385 quid
1045 344 1114 387 est,
1148 336 1372 372 notandum
1410 337 1518 384 quod

212 394 341 430 solum
374 394 602 431 substancia
634 393 830 431 sensibilis
863 403 919 431 est
952 394 1112 442 proprie
1147 393 1381 443 alterabilis,
1429 406 1518 429 curn

212 460 340 488 totum
386 465 509 501 genus
557 462 686 490 motus
731 451 943 489 successivi
987 451 1173 489 sensibile
1208 463 1424 487 commune
1458 450 1519 489 sit.

214 510 449 548 Substancie
503 519 637 547 autem
684 510 904 559 sensibiles,
950 519 993 546 ut
1026 510 1156 546 forme
1189 518 1226 545 et
1259 508 1446 554 materie,
1481 517 1518 545 et

180 566 478 617 Sintelligencie
537 577 627 605 sunt
672 568 899 605 alterabiles
950 567 1193 604 alteracione
1247 566 1518 603 communiter

213 625 332 676 dicta,
379 626 626 674 acquirendo
672 626 884 675 bonitates,
931 625 1138 675 sciencias,
1187 634 1224 661 et
1257 624 1356 661 alias
1390 624 1518 672 quali-

210 691 311 720 tates
349 684 577 732 spirituales
623 697 703 720 non
744 685 935 720 habentes
975 683 1191 734 contraria,
1225 683 1293 718 sed
1326 681 1518 730 privative

211 742 410 789 opposita.
454 743 532 779 Sed
555 741 912 778 fundamentaliter
935 742 1219 790 cognoscendo
1243 739 1517 776 substanciam

211 799 475 850 alterabilem,
517 808 677 847 oportet
718 812 959 847 cognoscere
1000 799 1211 836 materiam
1252 798 1312 834 vel
1344 798 1517 834 formam

212 865 248 893 et
294 870 432 894 earum
479 857 835 908 composicionem,
889 870 977 893 cum
1030 856 1261 893 substancia
1307 855 1357 891 sit
1408 855 1519 903 prior

211 915 431 965 accidente,
478 915 712 963 cognicione
746 924 783 952 et
824 915 1065 952 definicione
1099 924 1137 951 et
1167 924 1364 963 tempore.
1429 914 1518 958 Quo

211 974 260 1009 ad
293 973 500 1023 noticiam,
539 973 856 1021 ymaginandum
892 982 949 1009 est
986 973 1107 1021 igitur
1136 986 1258 1009 unam
1297 970 1516 1008 essenciam

211 1043 465 1079 corpoream,
505 1031 545 1067 in
578 1031 779 1080 principio
825 1032 1080 1081 productam,
1121 1043 1204 1067 esse
1251 1042 1293 1066 ex
1338 1028 1516 1065 indivisi-

210 1088 354 1125 bilibus
386 1089 624 1139 composita,
655 1098 691 1125 et
715 1101 915 1136 occupare
939 1101 1100 1125 omnem
1125 1090 1258 1125 locum
1284 1086 1515 1136 possibilem

210 1159 283 1183 nec
317 1159 400 1183 esse
433 1149 653 1184 secundum
679 1146 761 1183 eius
794 1155 950 1195 partem
985 1147 1163 1195 aliquam
1198 1144 1515 1196 corruptibilem,

209 1204 284 1240 nisi
330 1205 432 1242 forte
466 1218 536 1254 per
568 1205 803 1241 divisionem
839 1205 899 1241 vel
932 1205 1233 1253 separacionem
1270 1203 1389 1240 unius
1424 1216 1515 1250 par·

209 1262 258 1299 tis
303 1276 325 1299 a
371 1263 540 1312 reliqua.
604 1264 681 1300 Sed
727 1276 817 1300 cum
867 1272 1028 1312 oportet
1073 1263 1181 1299 illam
1224 1271 1350 1298 totam
1386 1273 1514 1297 essen-

210 1320 313 1357 ciam
372 1322 519 1358 habere
577 1333 861 1370 quamcunque
907 1331 1061 1369 partem
1108 1322 1229 1357 talem
1286 1319 1515 1367 aliqualiter

210 1378 502 1424 continuatam,
549 1388 658 1427 patet
703 1380 811 1428 quod
858 1378 925 1416 illa
959 1378 1136 1416 essencia
1176 1377 1411 1426 simpliciter
1458 1385 1514 1413 est

208 1436 548 1485 incorruptibilis;
584 1446 621 1474 et
654 1437 721 1474 illa
756 1437 933 1473 essencia
966 1437 1098 1485 primo
1132 1436 1252 1472 fuisse
1286 1434 1514 1482 concipitur

208 1496 280 1531 sub
326 1495 488 1532 racione
539 1508 618 1543 qua
663 1508 731 1532 ens
776 1494 1026 1543 simpliciter,
1072 1503 1109 1531 et
1140 1507 1213 1530 nec
1245 1502 1287 1529 ut
1321 1492 1422 1541 ignis
1455 1493 1515 1529 vel

208 1565 288 1598 aer,
346 1554 407 1590 vel
465 1553 739 1602 cuiuscunque
796 1552 961 1589 alterius
1014 1552 1170 1601 generis
1230 1552 1290 1588 vel
1350 1550 1514 1598 speciei;

208 1613 415 1659 quomodo
449 1611 659 1660 gramatici
698 1611 835 1647 dicunt
868 1623 1094 1659 pronomen
1128 1610 1328 1658 singulare
1363 1621 1513 1644 meram

208 1669 496 1706 substanciam.
567 1671 645 1706 Sed
694 1668 941 1717 philosophi,
986 1668 1154 1705 ulterius
1201 1667 1515 1712 considerantes,

207 1723 466 1780 quamlibet}
510 1728 629 1764 talem
679 1727 938 1764 essencialem
984 1726 1202 1764 essenciam
1256 1737 1338 1762 esse
1390 1737 1513 1760 unum

207 1785 435 1822 absolutum
477 1785 539 1822 cui
578 1798 649 1833 per
680 1797 721 1821 se
769 1785 962 1833 competit
1008 1786 1190 1821 substare
1223 1781 1514 1828 accidentibus,

208 1843 389 1879 tribuunt
446 1842 521 1879 sibi
565 1843 966 1880 substancialitatem.
1030 1845 1077 1879 Et
1120 1850 1211 1890 post
1252 1842 1386 1886 modo,
1424 1853 1515 1876 con-

206 1900 381 1938 siderata
415 1901 498 1937 eius
532 1901 776 1950 extensione,
822 1901 1047 1938 attribuunt
1080 1900 1152 1937 sibi
1201 1898 1511 1947 corporeitatem

206 1972 326 2007 quam
363 1959 637 1996 Linconiensis
669 1967 785 1996 vocat
818 1960 962 1996 lucem.
998 1962 1044 1995 Et
1081 1959 1123 1995 30
1153 1959 1325 1994 formam
1357 1956 1513 2004 generis

206 2017 389 2065 proximi,
423 2027 465 2054 ut
497 2017 802 2062 animalitatem,
837 2017 1089 2065 lapiditatem
1123 2017 1183 2053 vel
1227 2015 1335 2052 aliud
1378 2014 1513 2050 huius-

206 2074 329 2113 modi.
393 2077 440 2111 Et
486 2084 645 2124 quarto,
692 2075 947 2112 considerata
992 2075 1152 2112 racione
1192 2072 1420 2117 sufficienti,
1456 2081 1512 2108 at-

204 2132 384 2170 tribuunt
422 2133 496 2170 sibi
529 2134 658 2170 forma
690 2133 1043 2181 specialissimam,
1083 2132 1172 2169 ideo
1207 2131 1344 2167 dicunt
1383 2130 1512 2178 philo-

204 2191 319 2238 sophi
365 2193 471 2240 quod
521 2191 842 2228 substanciarum
889 2192 966 2228 alia
1016 2190 1198 2236 materia,
1244 2189 1323 2225 alia
1366 2189 1511 2234 forma,

205 2249 282 2285 alia
322 2249 589 2298 compositum
632 2262 675 2286 ex
714 2249 803 2288 hiis.
867 2251 981 2287 Unde
1026 2247 1255 2285 substancia
1302 2258 1511 2294 corporea,

149 2309 188 2341 35
205 2319 282 2354 que
321 2316 377 2344 est
411 2321 547 2356 genus,
593 2320 673 2344 non
719 2308 972 2353 univocatur,
1023 2306 1099 2343 nisi
1137 2315 1173 2342 et
1210 2304 1512 2353 composicione

205 2377 248 2401 ex
295 2366 463 2403 materia
512 2375 548 2402 et
593 2366 736 2404 forma.
800 2367 878 2403 Sed
912 2367 1075 2414 quando
1108 2363 1315 2413 loquimur
1348 2364 1396 2399 de
1430 2375 1513 2398 ma-

203 2422 302 2460 terie
347 2432 383 2460 et
422 2425 553 2461 forma
597 2433 767 2471 tantum,
814 2437 1006 2461 vocamus
1052 2423 1160 2471 ipsas
1206 2421 1414 2469 ipostases,
1452 2420 1513 2457 vel

203 2489 382 2526 naturas,
414 2483 476 2519 vel
508 2482 728 2530 supposita.

262 2539 564 2577 Considerando
617 2553 710 2588 ergo
763 2539 990 2588 specialiter
1045 2546 1198 2585 partem
1254 2537 1510 2573 sublunarem

144 2610 189 2640 40
205 2598 343 2638 mundi
390 2610 475 2634 esse
515 2599 555 2634 in
593 2598 780 2646 potencia
814 2599 862 2634 ad
897 2609 978 2634 esse
1010 2596 1142 2644 ignem
1176 2596 1237 2632 vel
1270 2607 1402 2631 aerem
1438 2595 1514 2642 (vel

205 2655 261 2691 sic
294 2657 342 2692 de
365 2657 453 2692 aliis
477 2656 734 2693 sensibilibus
758 2651 1011 2704 corporum),
1036 2662 1257 2702 posuerunt
1281 2652 1512 2701 potenciam

157 872 195 892 10

157 1151 191 1182 15

153 1451 193 1471 20

149 2019 191 2050 30

272 2847 312 2874 25.
334 2849 503 2882 quamlibet
521 2849 608 2875 lzvt'ce
628 2848 659 2875 Β.
750 2855 796 2882 29.
818 2838 891 2875 luce
906 2848 937 2874 Β.
1030 2845 1070 2873 35.
1092 2846 1356 2881 composicionem
1381 2846 1413 2871 R.

1735 231 1811 267 110

1616 342 1705 379 being
1726 352 1742 370 a

1589 378 1761 406 successive

1581 419 1767 448 movement,

1635 448 1708 484 only

1552 486 1663 509 matter
1683 491 1738 509 can
1760 483 1795 510 be

1604 517 1734 550 altered;

1552 551 1605 578 but
1626 551 1793 587 intelligent

1625 586 1731 621 beings

1604 620 1742 656 undergo

1546 655 1708 682 alteration
1730 655 1760 682 in
1782 663 1798 682 a

1569 690 1649 717 wide
1671 698 1768 717 sense.

1557 920 1659 948 There
1679 921 1705 948 is
1725 929 1783 949 one

1604 956 1741 983 material

1604 999 1740 1025 essence,

1550 1025 1669 1052 created
1691 1025 1721 1052 in
1743 1027 1793 1052 the

1580 1060 1757 1095 beginning,

1558 1095 1727 1129 composed
1749 1096 1783 1122 of

1557 1129 1673 1164 points,
1693 1130 1789 1165 filling

1550 1164 1585 1190 all
1607 1172 1709 1198 space,
1731 1166 1789 1192 and

1549 1198 1781 1233 incorruptible,

1560 1237 1668 1268 except
1689 1234 1720 1260 in
1742 1243 1776 1261 so

1554 1268 1600 1295 far
1620 1276 1653 1294 as
1674 1276 1732 1295 one
1752 1270 1783 1296 ol

1554 1303 1592 1329 its
1615 1308 1699 1337 parts
1720 1312 1769 1331 ma
1784 1312 1790 1322 '

1558 1337 1595 1364 bc
1616 1343 1757 1372 separate

1548 1372 1628 1399 from
1650 1374 1790 1400 another.

1557 1406 1616 1434 We
1637 1408 1781 1435 conceive

1598 1442 1663 1468 that
1682 1442 1743 1469 this

1561 1484 1687 1503 essence
1707 1485 1771 1504 was

1572 1511 1670 1546 firstly
1690 1519 1773 1539 mere

1620 1546 1719 1581 being,

1577 1580 1637 1615 just
1657 1589 1690 1608 as
1710 1581 1760 1608 the

1601 1615 1739 1651 singular

1602 1651 1746 1685 persona!

1605 1693 1748 1718 pronoun

1554 1719 1680 1747 denotes
1701 1728 1785 1748 mere

1578 1755 1753 1782 substance.

1559 1789 1781 1824 Philosophers

1623 1825 1678 1851 call
1700 1824 1721 1851 it

1560 1859 1724 1886 substance
1745 1867 1780 1886 or

1561 1893 1642 1929 body
1664 1894 1791 1921 because

1621 1928 1656 1955 of
1672 1929 1710 1955 its

1575 1964 1745 1991 extension.

1555 1998 1673 2032 Matter,
1693 2000 1786 2031 form,

1528 2033 1586 2060 and
1609 2034 1801 2067 compound,

1557 2076 1607 2095 are
1628 2067 1771 2095 different

1603 2106 1683 2129 sorts
1704 2103 1739 2130 of

1540 2137 1714 2171 substance,
1737 2137 1789 2164 but

1551 2172 1612 2199 this
1633 2173 1775 2206 corporal

1538 2207 1701 2234 substance
1722 2207 1748 2233 is
1768 2208 1799 2233 ot

1586 2243 1636 2268 the
1658 2249 1742 2268 same

1554 2281 1661 2303 nature
1681 2285 1713 2303 as
1734 2276 1783 2303 the

1574 2312 1762 2346 compound.

1537 2542 1721 2579 Restricting
1742 2552 1799 2571 our

1559 2579 1769 2612 speculations
